<?xml version="1.0" encoding="UTF-8"?>
<!DOCTYPE html PUBLIC "-//W3C//DTD XHTML 1.0 Transitional//EN"
    "http://www.w3.org/TR/xhtml1/DTD/xhtml1-transitional.dtd">
<html xmlns="http://www.w3.org/1999/xhtml" xml:lang="en" lang="en">
 <head>
  <title>
</title>
<meta http-equiv="Content-Type" content="text/html;charset=utf-8" />
  <meta name='ocr-system' content='tesseract 3.04.00' />
  <meta name='ocr-capabilities' content='ocr_page ocr_carea ocr_par ocr_line ocrx_word'/>
</head>
<body>
  <div class='ocr_page' id='page_1' title='image "./analectatacitea01hartgoog_0273.png"; bbox 0 0 3248 5230; ppageno 0'>
   <div class='ocr_carea' id='block_1_1' title="bbox 899 351 961 412">
    <p class='ocr_par' dir='ltr' id='par_1_1' title="bbox 899 351 961 412">
     <span class='ocr_line' id='line_1_1' title="bbox 899 351 961 412; baseline -0.032 0"><span class='ocrx_word' id='word_1_1' title='bbox 899 351 961 412; x_wconf 86' lang='lat'>262</span> 
     </span>
    </p>
   </div>
   <div class='ocr_carea' id='block_1_2' title="bbox 335 529 1530 714">
    <p class='ocr_par' dir='ltr' id='par_1_2' title="bbox 335 529 1530 714">
     <span class='ocr_line' id='line_1_2' title="bbox 336 529 1530 612; baseline -0.003 -18"><span class='ocrx_word' id='word_1_2' title='bbox 336 533 415 594; x_wconf 86' lang='lat' dir='ltr'>Post</span> <span class='ocrx_word' id='word_1_3' title='bbox 436 531 577 593; x_wconf 89' lang='lat' dir='ltr'>verbum</span> <span class='ocrx_word' id='word_1_4' title='bbox 598 529 823 611; x_wconf 88' lang='lat' dir='ltr'><strong>impersonale</strong></span> <span class='ocrx_word' id='word_1_5' title='bbox 843 531 956 604; x_wconf 85' lang='lat' dir='ltr'>euenit,</span> <span class='ocrx_word' id='word_1_6' title='bbox 978 532 1070 611; x_wconf 92' lang='lat' dir='ltr'>quod</span> <span class='ocrx_word' id='word_1_7' title='bbox 1092 530 1246 593; x_wconf 88' lang='lat' dir='ltr'>Rhenani</span> <span class='ocrx_word' id='word_1_8' title='bbox 1262 531 1402 612; x_wconf 90' lang='lat' dir='ltr'>praebet</span> <span class='ocrx_word' id='word_1_9' title='bbox 1415 529 1530 603; x_wconf 90' lang='lat' dir='ltr'>lectio,</span> 
     </span>
     <span class='ocr_line' id='line_1_3' title="bbox 335 648 980 714; baseline -0.002 -1"><span class='ocrx_word' id='word_1_10' title='bbox 335 651 416 714; x_wconf 89' lang='lat' dir='ltr'>satis</span> <span class='ocrx_word' id='word_1_11' title='bbox 441 651 524 714; x_wconf 92' lang='lat' dir='ltr'>dure</span> <span class='ocrx_word' id='word_1_12' title='bbox 550 648 630 712; x_wconf 93' lang='lat' dir='ltr'>illud</span> <span class='ocrx_word' id='word_1_13' title='bbox 654 651 807 714; x_wconf 81' lang='lat' dir='ltr'><em>extimuit</em></span> <span class='ocrx_word' id='word_1_14' title='bbox 830 649 980 712; x_wconf 78' lang='lat' dir='ltr'>infertur.</span> 
     </span>
    </p>
   </div>
   <div class='ocr_carea' id='block_1_3' title="bbox 336 886 1541 3703">
    <p class='ocr_par' dir='ltr' id='par_1_3' title="bbox 336 886 1536 1447">
     <span class='ocr_line' id='line_1_4' title="bbox 380 886 1535 970; baseline -0.003 -21"><span class='ocrx_word' id='word_1_15' title='bbox 380 887 424 949; x_wconf 90' lang='lat' dir='ltr'>A.</span> <span class='ocrx_word' id='word_1_16' title='bbox 447 886 542 961; x_wconf 88' lang='lat' dir='ltr'>XVI,</span> <span class='ocrx_word' id='word_1_17' title='bbox 567 888 618 949; x_wconf 88' lang='lat'>28.</span> <span class='ocrx_word' id='word_1_18' title='bbox 640 888 678 950; x_wconf 94' lang='lat' dir='ltr'>In</span> <span class='ocrx_word' id='word_1_19' title='bbox 699 894 819 949; x_wconf 91' lang='lat' dir='ltr'>senatu</span> <span class='ocrx_word' id='word_1_20' title='bbox 840 907 921 970; x_wconf 90' lang='lat' dir='ltr'>ergo</span> <span class='ocrx_word' id='word_1_21' title='bbox 935 888 1081 968; x_wconf 90' lang='lat' dir='ltr'>primum</span> <span class='ocrx_word' id='word_1_22' title='bbox 1094 887 1198 969; x_wconf 93' lang='lat' dir='ltr'>ipsius</span> <span class='ocrx_word' id='word_1_23' title='bbox 1212 886 1357 949; x_wconf 90' lang='lat' dir='ltr'>Neronis</span> <span class='ocrx_word' id='word_1_24' title='bbox 1370 886 1535 948; x_wconf 90' lang='lat' dir='ltr'>recitatur</span> 
     </span>
     <span class='ocr_line' id='line_1_5' title="bbox 336 1005 1535 1090; baseline -0.002 -22"><span class='ocrx_word' id='word_1_25' title='bbox 336 1009 456 1083; x_wconf 91' lang='lat' dir='ltr'>orati0,</span> <span class='ocrx_word' id='word_1_26' title='bbox 481 1027 548 1088; x_wconf 89' lang='lat' dir='ltr'>qua</span> <span class='ocrx_word' id='word_1_27' title='bbox 572 1026 641 1069; x_wconf 91' lang='lat' dir='ltr'>non</span> <span class='ocrx_word' id='word_1_28' title='bbox 662 1005 812 1070; x_wconf 86' lang='lat' dir='ltr'>Thrasea</span> <span class='ocrx_word' id='word_1_29' title='bbox 833 1008 971 1089; x_wconf 93' lang='lat' dir='ltr'>quidem</span> <span class='ocrx_word' id='word_1_30' title='bbox 993 1008 1193 1070; x_wconf 90' lang='lat' dir='ltr'>nominatim</span> <span class='ocrx_word' id='word_1_31' title='bbox 1214 1007 1374 1090; x_wconf 86' lang='lat' dir='ltr'>arguitur,</span> <span class='ocrx_word' id='word_1_32' title='bbox 1394 1007 1454 1068; x_wconf 90' lang='lat' dir='ltr'>sed</span> <span class='ocrx_word' id='word_1_33' title='bbox 1476 1005 1535 1067; x_wconf 91' lang='lat' dir='ltr'>alii</span> 
     </span>
     <span class='ocr_line' id='line_1_6' title="bbox 337 1125 1536 1209; baseline -0.002 -21"><span class='ocrx_word' id='word_1_34' title='bbox 337 1126 631 1208; x_wconf 90' lang='lat' dir='ltr'>reprehenduntur</span> <span class='ocrx_word' id='word_1_35' title='bbox 655 1136 829 1189; x_wconf 82' lang='lat' dir='ltr'>senatores</span> <span class='ocrx_word' id='word_1_36' title='bbox 853 1127 945 1209; x_wconf 92' lang='lat' dir='ltr'>quod</span> <span class='ocrx_word' id='word_1_37' title='bbox 970 1127 1057 1190; x_wconf 93' lang='lat' dir='ltr'>illius</span> <span class='ocrx_word' id='word_1_38' title='bbox 1081 1127 1242 1208; x_wconf 89' lang='lat' dir='ltr'>exemplo</span> <span class='ocrx_word' id='word_1_39' title='bbox 1263 1125 1390 1189; x_wconf 91' lang='lat' dir='ltr'>curiam</span> <span class='ocrx_word' id='word_1_40' title='bbox 1411 1126 1536 1188; x_wconf 88' lang='lat' dir='ltr'>vitent.</span> 
     </span>
     <span class='ocr_line' id='line_1_7' title="bbox 338 1245 1535 1328; baseline 0.001 -21"><span class='ocrx_word' id='word_1_41' title='bbox 338 1245 470 1328; x_wconf 87' lang='lat' dir='ltr'>Arripit</span> <span class='ocrx_word' id='word_1_42' title='bbox 502 1245 585 1308; x_wconf 92' lang='lat' dir='ltr'>haec</span> <span class='ocrx_word' id='word_1_43' title='bbox 618 1245 837 1310; x_wconf 87' lang='lat' dir='ltr'>Cossutianus</span> <span class='ocrx_word' id='word_1_44' title='bbox 869 1245 991 1328; x_wconf 90' lang='lat' dir='ltr'>Capito</span> <span class='ocrx_word' id='word_1_45' title='bbox 1024 1245 1330 1328; x_wconf 85' lang='lat' dir='ltr'>vehementemque</span> <span class='ocrx_word' id='word_1_46' title='bbox 1362 1247 1396 1307; x_wconf 93' lang='lat' dir='ltr'>in</span> <span class='ocrx_word' id='word_1_47' title='bbox 1421 1245 1535 1327; x_wconf 91' lang='lat' dir='ltr'>ipsum</span> 
     </span>
     <span class='ocr_line' id='line_1_8' title="bbox 338 1363 1499 1447; baseline 0.001 -21"><span class='ocrx_word' id='word_1_48' title='bbox 338 1363 524 1426; x_wconf 87' lang='lat' dir='ltr'>Thraseam</span> <span class='ocrx_word' id='word_1_49' title='bbox 550 1364 654 1427; x_wconf 89' lang='lat' dir='ltr'>habet</span> <span class='ocrx_word' id='word_1_50' title='bbox 679 1366 879 1440; x_wconf 90' lang='lat' dir='ltr'>orationem,</span> <span class='ocrx_word' id='word_1_51' title='bbox 905 1386 972 1447; x_wconf 91' lang='lat' dir='ltr'>qua</span> <span class='ocrx_word' id='word_1_52' title='bbox 996 1373 1030 1428; x_wconf 90' lang='lat' dir='ltr'>et</span> <span class='ocrx_word' id='word_1_53' title='bbox 1054 1365 1119 1429; x_wconf 90' lang='lat' dir='ltr'>alia</span> <span class='ocrx_word' id='word_1_54' title='bbox 1142 1373 1177 1428; x_wconf 89' lang='lat' dir='ltr'>et</span> <span class='ocrx_word' id='word_1_55' title='bbox 1201 1365 1285 1428; x_wconf 88' lang='lat' dir='ltr'>haec</span> <span class='ocrx_word' id='word_1_56' title='bbox 1309 1365 1499 1429; x_wconf 89' lang='lat' dir='ltr'>declamat:</span> 
     </span>
    </p>

    <p class='ocr_par' dir='ltr' id='par_1_4' title="bbox 339 1485 1538 2046">
     <span class='ocr_line' id='line_1_9' title="bbox 387 1485 1536 1567; baseline -0.002 -19"><span class='ocrx_word' id='word_1_57' title='bbox 387 1485 593 1567; x_wconf 86' lang='lat' dir='ltr'>„Requirere</span> <span class='ocrx_word' id='word_1_58' title='bbox 622 1506 659 1548; x_wconf 93' lang='lat' dir='ltr'>se</span> <span class='ocrx_word' id='word_1_59' title='bbox 688 1487 722 1548; x_wconf 92' lang='lat' dir='ltr'>in</span> <span class='ocrx_word' id='word_1_60' title='bbox 746 1495 865 1549; x_wconf 90' lang='lat' dir='ltr'>senatu</span> <span class='ocrx_word' id='word_1_61' title='bbox 891 1486 1113 1562; x_wconf 88' lang='lat' dir='ltr'>consularem,</span> <span class='ocrx_word' id='word_1_62' title='bbox 1137 1487 1171 1548; x_wconf 92' lang='lat' dir='ltr'>in</span> <span class='ocrx_word' id='word_1_63' title='bbox 1195 1487 1284 1548; x_wconf 93' lang='lat' dir='ltr'>votis</span> <span class='ocrx_word' id='word_1_64' title='bbox 1306 1486 1536 1559; x_wconf 88' lang='lat' dir='ltr'>sacerdotem,</span> 
     </span>
     <span class='ocr_line' id='line_1_10' title="bbox 339 1605 1538 1680; baseline -0.001 -13"><span class='ocrx_word' id='word_1_65' title='bbox 339 1606 373 1668; x_wconf 93' lang='lat' dir='ltr'>in</span> <span class='ocrx_word' id='word_1_66' title='bbox 405 1607 476 1668; x_wconf 90' lang='lat' dir='ltr'>iure</span> <span class='ocrx_word' id='word_1_67' title='bbox 510 1605 651 1668; x_wconf 89' lang='lat' dir='ltr'>iurando</span> <span class='ocrx_word' id='word_1_68' title='bbox 684 1605 805 1680; x_wconf 90' lang='lat' dir='ltr'>civem,</span> <span class='ocrx_word' id='word_1_69' title='bbox 837 1606 900 1669; x_wconf 90' lang='lat' dir='ltr'>nisi</span> <span class='ocrx_word' id='word_1_70' title='bbox 932 1615 1051 1669; x_wconf 90' lang='lat' dir='ltr'>contra</span> <span class='ocrx_word' id='word_1_71' title='bbox 1076 1605 1229 1668; x_wconf 89' lang='lat' dir='ltr'>instituta</span> <span class='ocrx_word' id='word_1_72' title='bbox 1253 1613 1288 1668; x_wconf 91' lang='lat' dir='ltr'>et</span> <span class='ocrx_word' id='word_1_73' title='bbox 1311 1605 1538 1668; x_wconf 90' lang='lat' dir='ltr'>caerimonias</span> 
     </span>
     <span class='ocr_line' id='line_1_11' title="bbox 340 1723 1537 1807; baseline -0.001 -20"><span class='ocrx_word' id='word_1_74' title='bbox 340 1726 504 1788; x_wconf 86' lang='lat' dir='ltr'>maiorum</span> <span class='ocrx_word' id='word_1_75' title='bbox 541 1725 751 1807; x_wconf 91' lang='lat' dir='ltr'>proditorem</span> <span class='ocrx_word' id='word_1_76' title='bbox 788 1725 899 1807; x_wconf 92' lang='lat' dir='ltr'>palam</span> <span class='ocrx_word' id='word_1_77' title='bbox 936 1734 970 1788; x_wconf 91' lang='lat' dir='ltr'>et</span> <span class='ocrx_word' id='word_1_78' title='bbox 1006 1725 1139 1788; x_wconf 89' lang='lat' dir='ltr'>hostem</span> <span class='ocrx_word' id='word_1_79' title='bbox 1172 1723 1322 1788; x_wconf 88' lang='lat' dir='ltr'>Thrasea</span> <span class='ocrx_word' id='word_1_80' title='bbox 1357 1725 1537 1788; x_wconf 91' lang='lat' dir='ltr'>induisset.</span> 
     </span>
     <span class='ocr_line' id='line_1_12' title="bbox 340 1845 1537 1928; baseline -0.001 -21"><span class='ocrx_word' id='word_1_81' title='bbox 340 1846 497 1927; x_wconf 89' lang='lat' dir='ltr'>Denique</span> <span class='ocrx_word' id='word_1_82' title='bbox 518 1864 618 1927; x_wconf 88' lang='lat' dir='ltr'>agere</span> <span class='ocrx_word' id='word_1_83' title='bbox 638 1853 830 1907; x_wconf 89' lang='lat' dir='ltr'>senatorem</span> <span class='ocrx_word' id='word_1_84' title='bbox 851 1853 885 1907; x_wconf 89' lang='lat' dir='ltr'>et</span> <span class='ocrx_word' id='word_1_85' title='bbox 906 1845 1068 1928; x_wconf 90' lang='lat' dir='ltr'>principis</span> <span class='ocrx_word' id='word_1_86' title='bbox 1088 1845 1336 1908; x_wconf 89' lang='lat' dir='ltr'>obtrectatores</span> <span class='ocrx_word' id='word_1_87' title='bbox 1353 1853 1537 1927; x_wconf 87' lang='lat' dir='ltr'>protegere</span> 
     </span>
     <span class='ocr_line' id='line_1_13' title="bbox 339 1962 1457 2046; baseline -0.001 -19"><span class='ocrx_word' id='word_1_88' title='bbox 339 1965 458 2027; x_wconf 91' lang='lat' dir='ltr'>solitus</span> <span class='ocrx_word' id='word_1_89' title='bbox 483 1965 624 2040; x_wconf 86' lang='lat' dir='ltr'>veniret,</span> <span class='ocrx_word' id='word_1_90' title='bbox 650 1972 814 2039; x_wconf 90' lang='lat' dir='ltr'>censeret,</span> <span class='ocrx_word' id='word_1_91' title='bbox 839 1964 921 2046; x_wconf 92' lang='lat' dir='ltr'>quid</span> <span class='ocrx_word' id='word_1_92' title='bbox 947 1965 1068 2046; x_wconf 87' lang='lat' dir='ltr'>corrigi</span> <span class='ocrx_word' id='word_1_93' title='bbox 1092 1973 1151 2028; x_wconf 92' lang='lat' dir='ltr'>aut</span> <span class='ocrx_word' id='word_1_94' title='bbox 1175 1965 1297 2027; x_wconf 90' lang='lat' dir='ltr'>mutari</span> <span class='ocrx_word' id='word_1_95' title='bbox 1321 1962 1457 2027; x_wconf 88' lang='lat' dir='ltr'>vellet.”</span> 
     </span>
    </p>

    <p class='ocr_par' dir='ltr' id='par_1_5' title="bbox 341 2083 1541 3703">
     <span class='ocr_line' id='line_1_14' title="bbox 386 2083 1537 2167; baseline -0.002 -20"><span class='ocrx_word' id='word_1_96' title='bbox 386 2083 535 2147; x_wconf 90' lang='lat' dir='ltr'>Omnino</span> <span class='ocrx_word' id='word_1_97' title='bbox 556 2083 638 2164; x_wconf 93' lang='lat' dir='ltr'>quid</span> <span class='ocrx_word' id='word_1_98' title='bbox 658 2084 702 2146; x_wconf 94' lang='lat' dir='ltr'>sit</span> <span class='ocrx_word' id='word_1_99' title='bbox 721 2095 902 2147; x_wconf 85' lang='lat' dir='ltr'>senatorem</span> <span class='ocrx_word' id='word_1_100' title='bbox 922 2104 1024 2167; x_wconf 84' lang='lat' dir='ltr'>agere</span> <span class='ocrx_word' id='word_1_101' title='bbox 1036 2103 1103 2146; x_wconf 93' lang='lat' dir='ltr'>non</span> <span class='ocrx_word' id='word_1_102' title='bbox 1117 2085 1302 2146; x_wconf 92' lang='lat' dir='ltr'>admodum</span> <span class='ocrx_word' id='word_1_103' title='bbox 1317 2083 1537 2166; x_wconf 90' lang='lat' dir='ltr'>perspicuum</span> 
     </span>
     <span class='ocr_line' id='line_1_15' title="bbox 343 2201 1538 2286; baseline 0.002 -22"><span class='ocrx_word' id='word_1_104' title='bbox 343 2202 424 2265; x_wconf 92' lang='lat' dir='ltr'>mihi</span> <span class='ocrx_word' id='word_1_105' title='bbox 446 2211 507 2278; x_wconf 90' lang='lat' dir='ltr'>est,</span> <span class='ocrx_word' id='word_1_106' title='bbox 529 2203 563 2265; x_wconf 87' lang='lat' dir='ltr'>in</span> <span class='ocrx_word' id='word_1_107' title='bbox 582 2201 753 2266; x_wconf 88' lang='lat' dir='ltr'>Thraseae</span> <span class='ocrx_word' id='word_1_108' title='bbox 774 2223 855 2265; x_wconf 91' lang='lat' dir='ltr'>vero</span> <span class='ocrx_word' id='word_1_109' title='bbox 876 2223 985 2279; x_wconf 91' lang='lat' dir='ltr'>causa,</span> <span class='ocrx_word' id='word_1_110' title='bbox 1008 2203 1060 2266; x_wconf 91' lang='lat' dir='ltr'>cui</span> <span class='ocrx_word' id='word_1_111' title='bbox 1080 2203 1114 2266; x_wconf 94' lang='lat' dir='ltr'>id</span> <span class='ocrx_word' id='word_1_112' title='bbox 1135 2205 1246 2285; x_wconf 90' lang='lat' dir='ltr'>ipsum</span> <span class='ocrx_word' id='word_1_113' title='bbox 1259 2203 1417 2266; x_wconf 90' lang='lat' dir='ltr'>obiicitur</span> <span class='ocrx_word' id='word_1_114' title='bbox 1430 2204 1538 2286; x_wconf 89' lang='lat' dir='ltr'>quod,</span> 
     </span>
     <span class='ocr_line' id='line_1_16' title="bbox 343 2321 1538 2405; baseline 0.002 -21"><span class='ocrx_word' id='word_1_115' title='bbox 343 2321 612 2404; x_wconf 89' lang='lat' dir='ltr'>quotiescunque</span> <span class='ocrx_word' id='word_1_116' title='bbox 644 2329 780 2385; x_wconf 89' lang='lat' dir='ltr'>senatus</span> <span class='ocrx_word' id='word_1_117' title='bbox 811 2322 965 2397; x_wconf 88' lang='lat' dir='ltr'>habetur,</span> <span class='ocrx_word' id='word_1_118' title='bbox 998 2323 1090 2386; x_wconf 92' lang='lat' dir='ltr'>domi</span> <span class='ocrx_word' id='word_1_119' title='bbox 1123 2343 1203 2385; x_wconf 90' lang='lat' dir='ltr'>suae</span> <span class='ocrx_word' id='word_1_120' title='bbox 1227 2322 1321 2398; x_wconf 90' lang='lat' dir='ltr'>latet,</span> <span class='ocrx_word' id='word_1_121' title='bbox 1345 2324 1428 2405; x_wconf 92' lang='lat' dir='ltr'>quid</span> <span class='ocrx_word' id='word_1_122' title='bbox 1454 2322 1538 2387; x_wconf 92' lang='lat' dir='ltr'>illud</span> 
     </span>
     <span class='ocr_line' id='line_1_17' title="bbox 341 2440 1538 2524; baseline 0.001 -20"><span class='ocrx_word' id='word_1_123' title='bbox 341 2443 405 2505; x_wconf 90' lang='lat' dir='ltr'>sibi</span> <span class='ocrx_word' id='word_1_124' title='bbox 438 2441 520 2504; x_wconf 91' lang='lat' dir='ltr'>velit</span> <span class='ocrx_word' id='word_1_125' title='bbox 552 2442 678 2505; x_wconf 89' lang='lat' dir='ltr'>crimen</span> <span class='ocrx_word' id='word_1_126' title='bbox 711 2440 978 2505; x_wconf 88' lang='lat' dir='ltr'>admirabundus</span> <span class='ocrx_word' id='word_1_127' title='bbox 1002 2463 1096 2524; x_wconf 89' lang='lat' dir='ltr'>rogo.</span> <span class='ocrx_word' id='word_1_128' title='bbox 1122 2443 1159 2504; x_wconf 95' lang='lat' dir='ltr'>In</span> <span class='ocrx_word' id='word_1_129' title='bbox 1185 2462 1332 2505; x_wconf 89' lang='lat' dir='ltr'>errorem</span> <span class='ocrx_word' id='word_1_130' title='bbox 1358 2443 1538 2506; x_wconf 89' lang='lat' dir='ltr'>inductum</span> 
     </span>
     <span class='ocr_line' id='line_1_18' title="bbox 341 2560 1539 2644; baseline 0 -20"><span class='ocrx_word' id='word_1_131' title='bbox 341 2562 525 2637; x_wconf 87' lang='lat' dir='ltr'>librarium,</span> <span class='ocrx_word' id='word_1_132' title='bbox 557 2562 614 2643; x_wconf 93' lang='lat' dir='ltr'>qui</span> <span class='ocrx_word' id='word_1_133' title='bbox 647 2562 750 2624; x_wconf 90' lang='lat' dir='ltr'>toties</span> <span class='ocrx_word' id='word_1_134' title='bbox 781 2563 824 2624; x_wconf 90' lang='lat' dir='ltr'>de</span> <span class='ocrx_word' id='word_1_135' title='bbox 855 2570 974 2624; x_wconf 89' lang='lat' dir='ltr'>senatu</span> <span class='ocrx_word' id='word_1_136' title='bbox 1006 2562 1286 2644; x_wconf 89' lang='lat' dir='ltr'>senatoribusque</span> <span class='ocrx_word' id='word_1_137' title='bbox 1309 2560 1458 2643; x_wconf 90' lang='lat' dir='ltr'>legisset,</span> <span class='ocrx_word' id='word_1_138' title='bbox 1485 2562 1539 2624; x_wconf 94' lang='lat' dir='ltr'>hic</span> 
     </span>
     <span class='ocr_line' id='line_1_19' title="bbox 343 2680 1540 2763; baseline 0 -19"><span class='ocrx_word' id='word_1_139' title='bbox 343 2701 479 2763; x_wconf 92' lang='lat' dir='ltr'>quoque</span> <span class='ocrx_word' id='word_1_140' title='bbox 513 2692 695 2743; x_wconf 84' lang='lat' dir='ltr'>senatorem</span> <span class='ocrx_word' id='word_1_141' title='bbox 731 2680 904 2761; x_wconf 87' lang='lat' dir='ltr'>scripsisse</span> <span class='ocrx_word' id='word_1_142' title='bbox 939 2680 1070 2762; x_wconf 88' lang='lat' dir='ltr'>opinor,</span> <span class='ocrx_word' id='word_1_143' title='bbox 1108 2701 1184 2743; x_wconf 92' lang='lat' dir='ltr'>cum</span> <span class='ocrx_word' id='word_1_144' title='bbox 1217 2681 1251 2744; x_wconf 93' lang='lat' dir='ltr'>in</span> <span class='ocrx_word' id='word_1_145' title='bbox 1284 2680 1445 2763; x_wconf 89' lang='lat' dir='ltr'>exemplo</span> <span class='ocrx_word' id='word_1_146' title='bbox 1479 2702 1540 2744; x_wconf 90' lang='lat' dir='ltr'>suo</span> 
     </span>
     <span class='ocr_line' id='line_1_20' title="bbox 343 2799 1541 2881; baseline -0.001 -18"><span class='ocrx_word' id='word_1_147' title='bbox 343 2800 485 2864; x_wconf 92' lang='lat' dir='ltr'>haberet</span> <span class='ocrx_word' id='word_1_148' title='bbox 509 2820 640 2874; x_wconf 93' lang='lat' dir='ltr'>vocem,</span> <span class='ocrx_word' id='word_1_149' title='bbox 666 2820 753 2881; x_wconf 90' lang='lat' dir='ltr'>quae</span> <span class='ocrx_word' id='word_1_150' title='bbox 777 2799 936 2863; x_wconf 89' lang='lat' dir='ltr'>ductibus</span> <span class='ocrx_word' id='word_1_151' title='bbox 955 2799 1127 2862; x_wconf 90' lang='lat' dir='ltr'>literarum</span> <span class='ocrx_word' id='word_1_152' title='bbox 1148 2800 1194 2863; x_wconf 93' lang='lat' dir='ltr'>illi</span> <span class='ocrx_word' id='word_1_153' title='bbox 1215 2799 1401 2864; x_wconf 89' lang='lat' dir='ltr'>admodum</span> <span class='ocrx_word' id='word_1_154' title='bbox 1421 2801 1541 2864; x_wconf 90' lang='lat' dir='ltr'>similis</span> 
     </span>
     <span class='ocr_line' id='line_1_21' title="bbox 344 2919 1541 3002; baseline -0.001 -18"><span class='ocrx_word' id='word_1_155' title='bbox 344 2929 447 2984; x_wconf 90' lang='lat' dir='ltr'>esset:</span> <span class='ocrx_word' id='word_1_156' title='bbox 473 2941 646 2984; x_wconf 88' lang='lat' dir='ltr'>censorem.</span> <span class='ocrx_word' id='word_1_157' title='bbox 673 2919 749 2982; x_wconf 92' lang='lat' dir='ltr'>Hoc</span> <span class='ocrx_word' id='word_1_158' title='bbox 772 2929 824 2983; x_wconf 92' lang='lat' dir='ltr'>est</span> <span class='ocrx_word' id='word_1_159' title='bbox 848 2921 941 3002; x_wconf 93' lang='lat' dir='ltr'>quod</span> <span class='ocrx_word' id='word_1_160' title='bbox 967 2929 1040 2983; x_wconf 90' lang='lat' dir='ltr'>tota</span> <span class='ocrx_word' id='word_1_161' title='bbox 1064 2921 1135 2983; x_wconf 92' lang='lat' dir='ltr'>vita</span> <span class='ocrx_word' id='word_1_162' title='bbox 1159 2941 1218 2982; x_wconf 91' lang='lat' dir='ltr'>sua</span> <span class='ocrx_word' id='word_1_163' title='bbox 1241 2919 1384 3001; x_wconf 92' lang='lat' dir='ltr'>loquens</span> <span class='ocrx_word' id='word_1_164' title='bbox 1408 2929 1541 2983; x_wconf 91' lang='lat' dir='ltr'>tacens·</span> 
     </span>
     <span class='ocr_line' id='line_1_22' title="bbox 344 3041 1541 3125; baseline -0.001 -20"><span class='ocrx_word' id='word_1_165' title='bbox 344 3064 410 3125; x_wconf 90' lang='lat' dir='ltr'>que</span> <span class='ocrx_word' id='word_1_166' title='bbox 434 3041 560 3104; x_wconf 87' lang='lat' dir='ltr'>fecerat</span> <span class='ocrx_word' id='word_1_167' title='bbox 580 3041 740 3117; x_wconf 86' lang='lat' dir='ltr'>Thrasea,</span> <span class='ocrx_word' id='word_1_168' title='bbox 762 3048 799 3104; x_wconf 92' lang='lat' dir='ltr'>ut</span> <span class='ocrx_word' id='word_1_169' title='bbox 819 3053 934 3124; x_wconf 85' lang='lat' dir='ltr'>ageret</span> <span class='ocrx_word' id='word_1_170' title='bbox 954 3062 1116 3105; x_wconf 73' lang='lat' dir='ltr'>cursorem</span> <span class='ocrx_word' id='word_1_171' title='bbox 1137 3042 1340 3122; x_wconf 89' lang='lat' dir='ltr'>civiumque,</span> <span class='ocrx_word' id='word_1_172' title='bbox 1361 3042 1421 3105; x_wconf 90' lang='lat' dir='ltr'>sed</span> <span class='ocrx_word' id='word_1_173' title='bbox 1444 3062 1541 3124; x_wconf 90' lang='lat' dir='ltr'>prae·</span> 
     </span>
     <span class='ocr_line' id='line_1_23' title="bbox 344 3158 1538 3244; baseline -0.002 -20"><span class='ocrx_word' id='word_1_174' title='bbox 344 3162 442 3244; x_wconf 91' lang='lat' dir='ltr'>cipue</span> <span class='ocrx_word' id='word_1_175' title='bbox 464 3161 567 3242; x_wconf 91' lang='lat' dir='ltr'>ipsius</span> <span class='ocrx_word' id='word_1_176' title='bbox 588 3159 759 3242; x_wconf 91' lang='lat' dir='ltr'>principis,</span> <span class='ocrx_word' id='word_1_177' title='bbox 782 3158 872 3222; x_wconf 82' lang='lat' dir='ltr'>lacta</span> <span class='ocrx_word' id='word_1_178' title='bbox 892 3168 1036 3222; x_wconf 89' lang='lat' dir='ltr'>notaret.</span> <span class='ocrx_word' id='word_1_179' title='bbox 1062 3159 1107 3222; x_wconf 89' lang='lat' dir='ltr'>Et</span> <span class='ocrx_word' id='word_1_180' title='bbox 1127 3160 1267 3222; x_wconf 91' lang='lat' dir='ltr'>omnino</span> <span class='ocrx_word' id='word_1_181' title='bbox 1279 3158 1361 3222; x_wconf 89' lang='lat' dir='ltr'>illud</span> <span class='ocrx_word' id='word_1_182' title='bbox 1374 3180 1538 3224; x_wconf 81' lang='lat' dir='ltr'>censorem</span> 
     </span>
     <span class='ocr_line' id='line_1_24' title="bbox 343 3278 1537 3363; baseline -0.003 -19"><span class='ocrx_word' id='word_1_183' title='bbox 343 3301 445 3363; x_wconf 84' lang='lat' dir='ltr'>agere</span> <span class='ocrx_word' id='word_1_184' title='bbox 484 3279 793 3361; x_wconf 78' lang='lat' dir='ltr'>frequentissimum</span> <span class='ocrx_word' id='word_1_185' title='bbox 834 3287 885 3342; x_wconf 90' lang='lat' dir='ltr'>est</span> <span class='ocrx_word' id='word_1_186' title='bbox 919 3280 1046 3342; x_wconf 91' lang='lat' dir='ltr'>crimen</span> <span class='ocrx_word' id='word_1_187' title='bbox 1081 3280 1115 3341; x_wconf 91' lang='lat' dir='ltr'>in</span> <span class='ocrx_word' id='word_1_188' title='bbox 1151 3278 1305 3341; x_wconf 89' lang='lat' dir='ltr'>homines</span> <span class='ocrx_word' id='word_1_189' title='bbox 1340 3279 1537 3342; x_wconf 88' lang='lat' dir='ltr'>severiores.</span> 
     </span>
     <span class='ocr_line' id='line_1_25' title="bbox 345 3397 1538 3484; baseline -0.003 -19"><span class='ocrx_word' id='word_1_190' title='bbox 345 3401 435 3465; x_wconf 90' lang='lat' dir='ltr'>Vide</span> <span class='ocrx_word' id='word_1_191' title='bbox 466 3421 556 3462; x_wconf 92' lang='lat' dir='ltr'>nunc</span> <span class='ocrx_word' id='word_1_192' title='bbox 587 3419 689 3482; x_wconf 88' lang='lat' dir='ltr'>quam</span> <span class='ocrx_word' id='word_1_193' title='bbox 722 3399 869 3482; x_wconf 88' lang='lat' dir='ltr'>eleganti</span> <span class='ocrx_word' id='word_1_194' title='bbox 902 3400 1082 3462; x_wconf 90' lang='lat' dir='ltr'>verborum</span> <span class='ocrx_word' id='word_1_195' title='bbox 1114 3399 1186 3461; x_wconf 90' lang='lat' dir='ltr'>lusu</span> <span class='ocrx_word' id='word_1_196' title='bbox 1218 3400 1308 3461; x_wconf 92' lang='lat' dir='ltr'>idem</span> <span class='ocrx_word' id='word_1_197' title='bbox 1333 3397 1389 3462; x_wconf 87' lang='lat' dir='ltr'>ille</span> <span class='ocrx_word' id='word_1_198' title='bbox 1414 3398 1538 3484; x_wconf 90' lang='lat' dir='ltr'>Capito</span> 
     </span>
     <span class='ocr_line' id='line_1_26' title="bbox 344 3519 1538 3602; baseline -0.003 -20"><span class='ocrx_word' id='word_1_199' title='bbox 344 3521 391 3582; x_wconf 93' lang='lat' dir='ltr'>sic</span> <span class='ocrx_word' id='word_1_200' title='bbox 428 3539 571 3602; x_wconf 89' lang='lat' dir='ltr'>pergens</span> <span class='ocrx_word' id='word_1_201' title='bbox 607 3519 802 3583; x_wconf 85' lang='lat' dir='ltr'>inducatur:</span> <span class='ocrx_word' id='word_1_202' title='bbox 848 3531 1008 3598; x_wconf 76' lang='lat' dir='ltr'>„censeret</span> <span class='ocrx_word' id='word_1_203' title='bbox 1047 3519 1129 3601; x_wconf 90' lang='lat' dir='ltr'>quid</span> <span class='ocrx_word' id='word_1_204' title='bbox 1171 3519 1291 3600; x_wconf 92' lang='lat' dir='ltr'>corrigi</span> <span class='ocrx_word' id='word_1_205' title='bbox 1326 3526 1385 3581; x_wconf 92' lang='lat' dir='ltr'>aut</span> <span class='ocrx_word' id='word_1_206' title='bbox 1415 3519 1538 3583; x_wconf 90' lang='lat' dir='ltr'>mutari</span> 
     </span>
     <span class='ocr_line' id='line_1_27' title="bbox 344 3638 480 3703; baseline -0.015 0"><span class='ocrx_word' id='word_1_207' title='bbox 344 3638 480 3703; x_wconf 90' lang='lat' dir='ltr'>vellet.”</span> 
     </span>
    </p>
   </div>
   <div class='ocr_carea' id='block_1_4' title="bbox 390 3873 1538 4078">
    <p class='ocr_par' dir='ltr' id='par_1_6' title="bbox 390 3873 1538 4078">
     <span class='ocr_line' id='line_1_28' title="bbox 390 3873 1470 3958; baseline -0.001 -19"><span class='ocrx_word' id='word_1_208' title='bbox 390 3877 434 3939; x_wconf 90' lang='lat' dir='ltr'>A.</span> <span class='ocrx_word' id='word_1_209' title='bbox 460 3876 554 3953; x_wconf 93' lang='lat' dir='ltr'>XVI,</span> <span class='ocrx_word' id='word_1_210' title='bbox 582 3892 633 3958; x_wconf 85' lang='lat'>35.</span> <span class='ocrx_word' id='word_1_211' title='bbox 660 3877 711 3940; x_wconf 89' lang='lat' dir='ltr'>De</span> <span class='ocrx_word' id='word_1_212' title='bbox 736 3877 809 3958; x_wconf 89' lang='lat' dir='ltr'>ipsa</span> <span class='ocrx_word' id='word_1_213' title='bbox 833 3875 1003 3939; x_wconf 88' lang='lat' dir='ltr'>Thraseae</span> <span class='ocrx_word' id='word_1_214' title='bbox 1029 3884 1137 3939; x_wconf 93' lang='lat' dir='ltr'>morte</span> <span class='ocrx_word' id='word_1_215' title='bbox 1161 3876 1341 3938; x_wconf 89' lang='lat' dir='ltr'>traduntur</span> <span class='ocrx_word' id='word_1_216' title='bbox 1363 3873 1470 3939; x_wconf 88' lang='lat' dir='ltr'>haec:</span> 
     </span>
     <span class='ocr_line' id='line_1_29' title="bbox 394 3995 1538 4078; baseline -0.003 -19"><span class='ocrx_word' id='word_1_217' title='bbox 394 3996 611 4078; x_wconf 73' lang='lat' dir='ltr'>,Helvidium</span> <span class='ocrx_word' id='word_1_218' title='bbox 629 4005 662 4058; x_wconf 90' lang='lat' dir='ltr'>et</span> <span class='ocrx_word' id='word_1_219' title='bbox 677 3997 888 4060; x_wconf 89' lang='lat' dir='ltr'>Demetrium</span> <span class='ocrx_word' id='word_1_220' title='bbox 902 3997 936 4058; x_wconf 92' lang='lat' dir='ltr'>in</span> <span class='ocrx_word' id='word_1_221' title='bbox 950 3995 1141 4058; x_wconf 92' lang='lat' dir='ltr'>cubiculum</span> <span class='ocrx_word' id='word_1_222' title='bbox 1154 3996 1294 4070; x_wconf 89' lang='lat' dir='ltr'>inducit,</span> <span class='ocrx_word' id='word_1_223' title='bbox 1307 3997 1538 4078; x_wconf 88' lang='lat' dir='ltr'>porrectisque</span> 
     </span>
    </p>
   </div>
   <div class='ocr_carea' id='block_1_5' title="bbox 345 4113 1536 4199">
    <p class='ocr_par' dir='ltr' id='par_1_7' title="bbox 345 4113 1536 4199">
     <span class='ocr_line' id='line_1_30' title="bbox 345 4113 1536 4199; baseline -0.002 -21"><span class='ocrx_word' id='word_1_224' title='bbox 345 4116 519 4197; x_wconf 89' lang='lat' dir='ltr'>utriusque</span> <span class='ocrx_word' id='word_1_225' title='bbox 552 4113 679 4176; x_wconf 90' lang='lat' dir='ltr'>brachii</span> <span class='ocrx_word' id='word_1_226' title='bbox 707 4117 812 4190; x_wconf 90' lang='lat' dir='ltr'>venis,</span> <span class='ocrx_word' id='word_1_227' title='bbox 845 4125 1026 4199; x_wconf 89' lang='lat' dir='ltr'>postquam</span> <span class='ocrx_word' id='word_1_228' title='bbox 1059 4135 1212 4178; x_wconf 90' lang='lat' dir='ltr'>cruorem</span> <span class='ocrx_word' id='word_1_229' title='bbox 1245 4114 1373 4190; x_wconf 86' lang='lat' dir='ltr'>effudit,</span> <span class='ocrx_word' id='word_1_230' title='bbox 1398 4114 1536 4179; x_wconf 91' lang='lat' dir='ltr'>humum</span> 
     </span>
    </p>
   </div>
   <div class='ocr_carea' id='block_1_6' title="bbox 345 4232 1534 4436">
    <p class='ocr_par' dir='ltr' id='par_1_8' title="bbox 345 4232 1534 4436">
     <span class='ocr_line' id='line_1_31' title="bbox 345 4232 1393 4318; baseline -0.002 -20"><span class='ocrx_word' id='word_1_231' title='bbox 345 4257 446 4318; x_wconf 88' lang='lat' dir='ltr'>super</span> <span class='ocrx_word' id='word_1_232' title='bbox 470 4253 641 4316; x_wconf 83' lang='lat' dir='ltr'>spargens</span> <span class='ocrx_word' id='word_1_233' title='bbox 747 4234 919 4311; x_wconf 90' lang='lat' dir='ltr'>Libamus,</span> <span class='ocrx_word' id='word_1_234' title='bbox 945 4236 1065 4316; x_wconf 92' lang='lat' dir='ltr'>inquit,</span> <span class='ocrx_word' id='word_1_235' title='bbox 1091 4235 1163 4298; x_wconf 92' lang='lat' dir='ltr'>Iovi</span> <span class='ocrx_word' id='word_1_236' title='bbox 1187 4232 1393 4296; x_wconf 89' lang='lat' dir='ltr'>liberatori.&#39;’</span> 
     </span>
     <span class='ocr_line' id='line_1_32' title="bbox 392 4351 1534 4436; baseline -0.005 -18"><span class='ocrx_word' id='word_1_237' title='bbox 392 4353 449 4418; x_wconf 86' lang='lat' dir='ltr'>Ad</span> <span class='ocrx_word' id='word_1_238' title='bbox 475 4352 642 4436; x_wconf 83' lang='lat' dir='ltr'>porrectis</span> <span class='ocrx_word' id='word_1_239' title='bbox 670 4351 897 4434; x_wconf 89' lang='lat' dir='ltr'>Nipperdeius</span> <span class='ocrx_word' id='word_1_240' title='bbox 920 4362 1079 4417; x_wconf 89' lang='lat' dir='ltr'>annotat:</span> <span class='ocrx_word' id='word_1_241' title='bbox 1108 4354 1237 4434; x_wconf 81' lang='lat' dir='ltr'>„einem</span> <span class='ocrx_word' id='word_1_242' title='bbox 1262 4351 1413 4415; x_wconf 89' lang='lat' dir='ltr'>Diener&#39;’</span> <span class='ocrx_word' id='word_1_243' title='bbox 1437 4363 1534 4436; x_wconf 90' lang='lat' dir='ltr'>atque</span> 
     </span>
    </p>
   </div>
   <div class='ocr_carea' id='block_1_7' title="bbox 0 0 1639 5230">
    <p class='ocr_par' dir='ltr' id='par_1_9' title="bbox 0 0 1639 5230">
     <span class='ocr_line' id='line_1_33' title="bbox 0 0 1639 5230; baseline 0 0"><span class='ocrx_word' id='word_1_244' title='bbox 0 0 1639 5230; x_wconf 95' lang='lat' dir='ltr'> </span> 
     </span>
    </p>
   </div>
  </div>
 </body>
</html>
