3258 5240
114 621 335 685 inserendum
355 623 474 686 statuit
493 623 623 697 horum,
645 642 789 705 eamque
810 625 1039 688 coniecturam
1058 644 1126 688 non
1140 632 1314 707 tamquam

116 741 282 804 incertam
307 743 340 804 in
364 741 457 804 calce
482 743 626 825 paginae
650 745 930 807 commemoravit
952 744 1013 807 sed
1039 752 1213 826 tamquam
1234 744 1314 807 nulli

117 860 324 923 dubitationi
344 859 529 923 obnoxiam
550 861 736 923 intextum
758 862 897 945 recepit.
917 863 979 926 Est
996 871 1110 925 autem
1123 882 1192 925 non
1205 861 1313 926 solum

116 979 297 1042 temeraria
328 987 363 1041 et
394 981 507 1043 audax
538 981 598 1043 sed
627 979 813 1043 salsissima.
838 982 929 1044 Bene
954 983 1044 1045 enim
1069 983 1315 1046 demonstravit

118 1098 301 1161 Furneaux
325 1099 504 1182 participio
523 1098 671 1162 secuturi
689 1119 758 1161 non
777 1100 886 1163 solum
899 1103 1064 1183 futurum
1084 1109 1219 1183 tempus
1231 1099 1315 1162 indi·

117 1217 185 1278 cari
205 1217 265 1278 sed
284 1228 317 1280 et
336 1217 556 1299 praeteritum
579 1229 613 1280 et
634 1216 782 1280 futurum
802 1219 979 1292 contineri,
999 1219 1047 1281 sic
1067 1218 1154 1282 fere:
1178 1239 1312 1301 „quem-

116 1335 303 1398 admodum
334 1335 498 1399 hactenus
527 1357 602 1399 sum
632 1345 767 1400 secutus
798 1337 846 1400 ita
877 1337 1019 1420 posthac
1042 1336 1196 1420 sequar”.
1221 1337 1310 1400 Nam

118 1455 146 1517 si
180 1455 255 1518 inde
283 1455 325 1518 ab
348 1455 406 1518 hoc
429 1456 496 1518 loco
519 1476 554 1518 se
580 1455 735 1532 Fabium,
762 1455 917 1531 Plinium,
941 1454 1096 1520 Cluvium
1120 1449 1312 1519 secuturum

118 1572 259 1636 Tacitus
283 1573 487 1638 declarasset
509 1576 544 1638 id
569 1577 599 1638 ei
623 1576 813 1639 accuratius
837 1584 909 1638 erat
932 1574 1200 1657 significandum.
1225 1575 1313 1637 Tum

119 1691 172 1755 lac
204 1713 282 1756 eum
313 1695 356 1756 de
387 1693 501 1757 futuro
532 1703 665 1757 tantum
698 1695 847 1776 cogitare
879 1702 1051 1776 tempore:
1084 1713 1207 1775 magna
1234 1713 1315 1776 ergo

119 1813 287 1895 gravitate
312 1815 510 1897 pronuntiat
531 1835 567 1876 se
588 1815 621 1876 in
642 1822 815 1896 posterum
836 1812 1003 1875 iacturum
1023 1824 1151 1895 semper
1170 1812 1205 1874 id
1222 1813 1314 1892 quod

119 1952 238 1994 revera
272 1933 450 2024 rarissime
483 1932 573 1996 fecit.
606 1932 672 2015 Qui
704 1933 794 1996 enim
826 1933 879 1995 hic
912 1941 1067 1995 auctores
1099 1931 1316 1994 nominantur

120 2059 296 2133 tamquam
330 2051 504 2116 r'rimtidem
540 2052 713 2126 afferendi,
748 2051 881 2113 illorum
917 2052 1054 2113 nomina
1090 2051 1123 2111 in
1159 2049 1314 2130 sequenti

121 2168 307 2232 Annalium
339 2178 435 2252 parte
467 2177 729 2232 recurrunt....
754 2168 962 2251 singulorum
992 2167 1106 2231 semel.
1132 2166 1314 2248 Quomodo

120 2288 260 2352 historia
282 2289 347 2352 sibi
371 2289 550 2353 scribenda
575 2290 731 2353 videatur
754 2289 893 2352 Tacitus
917 2290 971 2352 hic
992 2290 1141 2352 breviter
1160 2291 1313 2371 exponit,

120 2429 289 2491 quaenam
320 2411 433 2473 studia
463 2408 545 2473 illud
577 2409 726 2492 postulet
750 2430 835 2491 opus
859 2417 893 2472 et
918 2429 1082 2491 quasnam
1106 2408 1314 2490 investigati·

121 2549 214 2591 ones.
248 2529 294 2591 Et
323 2530 366 2592 de
398 2529 453 2593 illa
483 2550 519 2592 re
550 2530 620 2592 sere
649 2531 741 2592 idem
764 2529 884 2591 statuit
908 2527 988 2591 illud
1013 2530 1105 2610 quod
1130 2529 1232 2590 etiam
1255 2527 1314 2606 ho·

120 2646 246 2710 diernis
276 2647 444 2711 historicis
475 2657 527 2711 est
559 2667 754 2730 persuasum
771 2645 803 2729 ¹),
836 2666 1042 2728 quamquam
1074 2647 1130 2723 illi,
1160 2646 1315 2710 intanta

121 2767 283 2829 materiae
314 2767 422 2850 copia,
456 2766 563 2830 multo
595 2767 821 2830 accuratiores
852 2785 925 2828 esse
957 2765 1255 2847 diligentioresque
1279 2774 1315 2828 et

121 2894 263 2968 possunt
285 2893 320 2948 et
345 2885 483 2950 debent.

166 3003 372 3067 Consulendi
404 3001 669 3086 conferendique
695 3011 774 3067 sunt
798 3012 962 3078 auctores,
987 3004 1091 3085 idque
1116 3023 1217 3086 quam
1242 3004 1314 3087 plu·

120 3125 206 3186 rimi.
239 3123 275 3188 Si
306 3125 349 3187 de
380 3125 501 3188 eadem
529 3144 564 3187 re
588 3144 707 3187 omnes
729 3123 869 3186 tradunt
893 3123 995 3198 idem,
1021 3123 1233 3186 confidenter
1257 3143 1315 3186 eos

119 3243 216 3325 sequi
240 3252 354 3324 potest
375 3252 409 3305 et
429 3244 520 3305 idem
541 3261 675 3305 narrare
697 3243 755 3324 qui
775 3243 888 3304 denuo
908 3243 999 3305 idem
1020 3249 1144 3305 tractat
1164 3251 1314 3325 tempus:

120 3371 193 3426 tum
214 3371 328 3425 autem
349 3363 524 3426 nominare
544 3361 618 3426 illos
639 3362 738 3445 plane
750 3382 998 3444 supervacuum
1011 3370 1073 3438 est,
1090 3382 1211 3424 omnes
1224 3361 1313 3424 enim

120 3502 337 3546 communem
357 3483 529 3564 quandam
549 3481 698 3544 efficiunt
719 3481 925 3562 opinionem,
948 3482 990 3544 de
1011 3501 1078 3562 qua
1091 3499 1201 3561 neque
1214 3487 1315 3542 antea

121 3600 293 3665 dubitavit
312 3601 490 3683 quisquam
512 3621 622 3682 neque
644 3618 732 3663 nunc
753 3608 804 3662 est
825 3619 883 3662 cur
897 3618 957 3661 nos
970 3597 1174 3661 dubitemus.
1188 3597 1314 3662 Contra

118 3721 146 3783 si
171 3719 228 3782 alii
252 3729 406 3784 auctores
430 3720 494 3783 alia
519 3721 678 3803 produnt,
704 3739 811 3783 novus
831 3719 975 3799 scriptor
995 3737 1063 3779 non
1085 3725 1198 3799 potest
1218 3717 1314 3798 quid-

119 3859 223 3922 quam
248 3859 310 3921 pro
334 3847 428 3902 certo
451 3840 617 3902 affirmare
638 3839 698 3901 sed
720 3837 872 3901 nominat
892 3833 1041 3917 singulos
1061 3836 1109 3898 ita
1127 3842 1164 3897 ut
1179 3833 1311 3897 illorum

120 3957 273 4041 periculo
297 3957 356 4020 fiat
380 3959 538 4022 narratio.

166 4077 240 4140 Nos
273 4078 458 4141 severiores
492 4079 630 4160 quidem
661 4096 776 4139 sumus
807 4076 968 4138 adversus
999 4073 1206 4148 historicum,
1240 4072 1314 4156 plus

118 4199 150 4261 ei
183 4197 388 4279 imponimus
419 4199 539 4272 oneris,
572 4198 682 4279 ipsum
714 4194 797 4258 nihil
829 4212 896 4256 non
928 4201 1103 4275 tamquam
1128 4194 1162 4256 in
1187 4193 1315 4254 trutina

158 4455 184 4521 ι)
204 4453 257 4502 Hic
276 4467 382 4518 quoque
401 4453 515 4504 Bolssier
532 4454 561 4504 ll.
581 4454 735 4504 conletatur.
