3248 5230
648 420 712 488 249

85 585 294 679 ¹reconditum
324 605 368 648 ex
392 585 432 648 iis
456 585 566 661 rebus,
592 606 678 668 quae
703 585 895 649 mortalium
919 585 1008 649 sacta
1031 591 1216 658 excusant,·
1229 584 1273 646 ad

100 703 328 784 ignoscendum
352 703 452 766 luisse
477 705 646 787 paratos.''
670 704 831 787 Sequitur
854 725 935 787 ergo
957 712 992 767 ut
1012 702 1191 767 verisimile
1211 723 1273 767 non

99 823 133 884 sit
154 822 291 885 deorum
317 824 398 886 iram
423 823 495 886 istis
520 824 685 888 imbribus
707 824 932 907 significatam
957 823 1067 887 luisse.
1092 823 1139 885 Et
1157 842 1274 884 revera

98 941 166 1004 illud
193 943 376 1006 Furneaux
402 942 602 1025 Nipperdeii
626 943 856 1026 explicationi,
882 964 984 1025 quam
1010 942 1142 1026 probat,
1167 940 1273 1005 addit.

98 1058 154 1124 Sed
184 1081 292 1143 neque
326 1062 465 1125 omnino
497 1063 662 1127 eiusmodi
688 1064 731 1126 de
755 1063 922 1146 portentis
946 1063 1134 1145 opiniones,
1159 1059 1275 1142 quales

97 1181 142 1242 hic
164 1180 262 1262 vulgo
286 1180 489 1256 tribuuntur,
510 1181 656 1244 refutare
680 1181 767 1244 solet
791 1181 929 1244 Tacitus
954 1181 1017 1263 (est
1037 1180 1127 1243 enim
1147 1179 1273 1260 etipse

96 1300 166 1361 satis
188 1296 404 1382 δεισιδαίμων),
431 1309 465 1363 et
488 1301 543 1364 hic
563 1300 654 1384 vulgi
670 1301 988 1384 interpretationem
1007 1300 1047 1363 iis
1070 1299 1180 1362 verbis
1200 1318 1274 1360 nar·

97 1418 204 1480 rationi
236 1434 317 1481 suae
338 1420 490 1482 annectit
515 1419 636 1502 (,adeo
660 1421 803 1484 turbidis
826 1419 990 1483 imbribus
1014 1417 1085 1500 ut”)
1109 1425 1148 1480 ut
1169 1436 1273 1499 appa·

95 1546 157 1600 reat
187 1538 323 1601 minime
354 1540 582 1620 spernendam
612 1540 676 1622 ipsi
708 1540 824 1602 videri.
857 1539 1013 1620 Denique
1043 1544 1102 1600 aut
1122 1536 1275 1618 legentes

93 1653 284 1737 labyrinthis
316 1656 489 1720 includere
521 1658 637 1721 studet
668 1658 816 1732 Tacitus,
849 1666 908 1722 aut
940 1659 1023 1720 deos
1054 1664 1088 1719 et
1120 1655 1274 1719 homiues

95 1774 171 1838 inter
188 1796 222 1838 se
240 1777 386 1859 opponit:
408 1783 445 1838 ut
465 1776 513 1839 sic
534 1776 623 1840 hunc
643 1777 848 1860 accipiamus
860 1776 972 1841 locum
985 1784 1058 1839 tota
1071 1777 1142 1839 eius
1154 1777 1274 1839 suadet

97 1895 278 1977 dispositio:
312 1897 465 1959 homines
489 1896 567 1960 huic
591 1896 729 1960 facinori
754 1897 988 1980 ignoscebant,
1013 1916 1081 1959 non
1105 1895 1274 1978 ignovisse

97 2015 168 2078 deos
186 2037 205 2078 e
224 2023 431 2099 tempestate
444 2015 500 2080 illa
513 2017 682 2081 efficiebat
695 2018 814 2100 vulgus
828 2065 835 2080 .
850 2065 857 2080 .
872 2066 879 2080 .
894 2018 996 2100 idque
1009 2016 1099 2079 haud
1112 2014 1275 2078 temere.”

96 2132 201 2216 Atque
236 2144 274 2198 ut
308 2133 390 2199 illud
423 2136 515 2199 dicat
546 2135 684 2199 Tacitus
715 2136 885 2200 lenissima
917 2136 1156 2199 emendatione
1188 2134 1274 2200 effici

97 2261 207 2332 potest,
240 2274 308 2335 qua
339 2253 437 2317 simul
468 2254 611 2318 efficitur
633 2264 671 2318 ut
695 2256 763 2318 duo
787 2255 874 2318 illius
897 2257 1086 2319 sententiae
1111 2255 1273 2329 membra,

99 2391 157 2450 qua
185 2372 238 2436 hic
270 2393 358 2455 opus
386 2382 446 2448 est,
479 2373 653 2456 aptissime
681 2374 770 2438 inter
792 2395 827 2438 se
851 2375 1042 2456 iungantur.
1066 2372 1162 2455 Quae
1176 2374 1276 2437 enlm

100 2489 146 2552 hic
174 2492 368 2554 coniunctio
396 2492 575 2574 requiritur
605 2513 668 2574 pro
697 2493 815 2576 inepto
839 2493 897 2557 illo
918 2491 1039 2557 etiam?
1065 2493 1113 2556 Ut
1137 2493 1287 2574 opin0r;¹

98 2608 167 2684 iam,
197 2619 300 2694 atque
333 2611 429 2687 hanc,
463 2612 663 2694 praesertim
694 2613 921 2695 praecedente
950 2612 1095 2687 literae,
1120 2610 1216 2673 facile
1241 2610 1274 2673 in

95 2729 183 2792 etiem
218 2733 391 2813 corrumpi
424 2732 575 2814 potuisse
607 2733 750 2813 quisque
780 2731 949 2814 intelligit.
985 2729 1104 2812 „Quod
1136 2729 1274 2804 facinus,

97 2850 374 2926 quemadmodum
411 2848 529 2931 vulgus
565 2849 654 2913 haud
691 2859 819 2913 temere
850 2870 869 2912 e
901 2849 1068 2932 portentis
1095 2848 1273 2923 efficiebat,

96 2967 315 3046 gravissimam
339 2969 481 3031 deorum
506 2969 589 3031 iram
614 2968 833 3050 provocabat,
859 2969 889 3030 ei
909 2970 977 3031 Iam
999 2965 1094 3030 multi
1116 2966 1274 3029 mortales

96 3082 339 3164 ignoscebant.”
377 3086 566 3170 Aptissime
604 3106 693 3151 nunc
724 3088 893 3169 sequitur:
929 3087 1104 3169 „antiquas
1134 3085 1275 3149 fratrum

97 3201 270 3268 discordias
301 3213 335 3268 et
367 3206 563 3269 insociabile
593 3226 732 3288 regnum
764 3203 1015 3268 aestimantes.'’
1044 3205 1083 3266 In
1108 3205 1191 3267 deos
1216 3205 1275 3266 im·

97 3322 244 3387 mortales
278 3325 445 3389 eiusmodi
481 3323 773 3406 „aestimationes”
805 3344 873 3387 non
906 3323 1087 3386 convenire
1119 3343 1173 3385 res
1204 3323 1276 3405 ipsa

96 3436 244 3522 loquitur.

134 3679 174 3742 A.
199 3681 296 3757 XIII,
320 3700 391 3763 43„
407 3679 543 3746 Suillius
573 3681 721 3746 famosus
751 3681 806 3746 ille
838 3683 1028 3766 imperante
1051 3683 1194 3748 Claudio
1218 3686 1276 3747 de-

92 3795 174 3861 lator
204 3802 345 3864 tandem
381 3799 576 3883 aliquando,
608 3802 686 3884 quia
718 3801 869 3867 Senecae
900 3804 983 3868 iram
1015 3804 1145 3868 acerbis
1176 3804 1276 3868 dictis

93 3927 237 3982 moverat
260 3926 449 3994 accusatur,
475 3920 674 3983 damnatur:
731 3975 735 3985 ,

135 4037 186 4116 ,in
212 4037 336 4102 insulas
368 4038 524 4102 Baleares
555 4039 701 4122 pellitur,
730 4061 797 4104 non
822 4042 855 4104 in
879 4042 954 4124 ipso
978 4043 1180 4117 discrimine,
1206 4063 1275 4106 non

94 4163 166 4234 post
198 4158 453 4221 damnationem
486 4157 609 4222 fractus
640 4160 771 4236 animo;
804 4160 1040 4244 ferebaturque
1071 4162 1209 4244 copiosa
1241 4169 1275 4223 et

95 4273 181 4336 molli
204 4276 274 4339 vita
297 4283 465 4340 secretum
489 4276 570 4340 illud
595 4278 824 4342 toleravisse.”

135 4391 212 4456 Post
239 4403 385 4459 mortem
409 4393 515 4460 Suillii
540 4397 582 4459 de
607 4397 709 4472 victu,
734 4418 836 4480 quem
860 4399 938 4461 exul
962 4401 1079 4482 egerit,
1103 4417 1275 4462 sermones
