<?xml version="1.0" encoding="UTF-8"?>
<!DOCTYPE html PUBLIC "-//W3C//DTD XHTML 1.0 Transitional//EN"
    "http://www.w3.org/TR/xhtml1/DTD/xhtml1-transitional.dtd">
<html xmlns="http://www.w3.org/1999/xhtml" xml:lang="en" lang="en">
 <head>
  <title>
</title>
<meta http-equiv="Content-Type" content="text/html;charset=utf-8" />
  <meta name='ocr-system' content='tesseract 3.04.00' />
  <meta name='ocr-capabilities' content='ocr_page ocr_carea ocr_par ocr_line ocrx_word'/>
</head>
<body>
  <div class='ocr_page' id='page_1' title='image "./analectatacitea01hartgoog_0218.png"; bbox 0 0 3228 5236; ppageno 0'>
   <div class='ocr_carea' id='block_1_1' title="bbox 627 440 689 507">
    <p class='ocr_par' dir='ltr' id='par_1_1' title="bbox 627 440 689 507">
     <span class='ocr_line' id='line_1_1' title="bbox 627 440 689 507; baseline 0.032 -21"><span class='ocrx_word' id='word_1_1' title='bbox 627 440 689 507; x_wconf 93' lang='lat'>207</span> 
     </span>
    </p>
   </div>
   <div class='ocr_carea' id='block_1_2' title="bbox 55 605 1266 4132">
    <p class='ocr_par' dir='ltr' id='par_1_2' title="bbox 55 605 1260 809">
     <span class='ocr_line' id='line_1_2' title="bbox 81 605 1260 690; baseline -0.005 -19"><span class='ocrx_word' id='word_1_2' title='bbox 81 609 148 671; x_wconf 91' lang='lat' dir='ltr'>illuc</span> <span class='ocrx_word' id='word_1_3' title='bbox 176 615 414 690; x_wconf 68' lang='lat' dir='ltr'><strong>sequerentur:</strong></span> <span class='ocrx_word' id='word_1_4' title='bbox 439 606 489 668; x_wconf 92' lang='lat' dir='ltr'>sin</span> <span class='ocrx_word' id='word_1_5' title='bbox 516 607 677 669; x_wconf 87' lang='lat' dir='ltr'>victoriae</span> <span class='ocrx_word' id='word_1_6' title='bbox 701 605 857 669; x_wconf 89' lang='lat' dir='ltr'>columen</span> <span class='ocrx_word' id='word_1_7' title='bbox 882 606 915 668; x_wconf 92' lang='lat' dir='ltr'>in</span> <span class='ocrx_word' id='word_1_8' title='bbox 942 605 1039 668; x_wconf 89' lang='lat' dir='ltr'>Italia</span> <span class='ocrx_word' id='word_1_9' title='bbox 1063 612 1260 677; x_wconf 89' lang='lat' dir='ltr'>verteretur,</span> 
     </span>
     <span class='ocr_line' id='line_1_3' title="bbox 55 713 1029 809; baseline -0.002 -19"><span class='ocrx_word' id='word_1_10' title='bbox 55 770 58 778; x_wconf 85' lang='lat'><em>-</em></span> <span class='ocrx_word' id='word_1_11' title='bbox 81 749 139 790; x_wconf 90' lang='lat' dir='ltr'>non</span> <span class='ocrx_word' id='word_1_12' title='bbox 162 713 414 809; x_wconf 85' lang='lat' dir='ltr'>abrumpendos</span> <span class='ocrx_word' id='word_1_13' title='bbox 438 734 475 788; x_wconf 88' lang='lat' dir='ltr'>ut</span> <span class='ocrx_word' id='word_1_14' title='bbox 498 725 633 807; x_wconf 88' lang='lat' dir='ltr'><strong>corpori</strong></span> <span class='ocrx_word' id='word_1_15' title='bbox 657 724 881 788; x_wconf 87' lang='lat' dir='ltr'>validissimos</span> <span class='ocrx_word' id='word_1_16' title='bbox 904 724 1029 788; x_wconf 89' lang='lat' dir='ltr'>artus.”</span> 
     </span>
    </p>

    <p class='ocr_par' dir='ltr' id='par_1_3' title="bbox 79 845 1264 1506">
     <span class='ocr_line' id='line_1_4' title="bbox 120 845 1262 928; baseline -0.004 -18"><span class='ocrx_word' id='word_1_17' title='bbox 120 847 329 910; x_wconf 85' lang='lat' dir='ltr'>Vocabulum</span> <span class='ocrx_word' id='word_1_18' title='bbox 351 845 452 928; x_wconf 91' lang='lat' dir='ltr'>paulo</span> <span class='ocrx_word' id='word_1_19' title='bbox 475 847 584 908; x_wconf 89' lang='lat' dir='ltr'>minus</span> <span class='ocrx_word' id='word_1_20' title='bbox 604 847 764 908; x_wconf 87' lang='lat' dir='ltr'>usitatum</span> <span class='ocrx_word' id='word_1_21' title='bbox 785 845 928 908; x_wconf 85' lang='lat' dir='ltr'>columen</span> <span class='ocrx_word' id='word_1_22' title='bbox 948 845 1068 926; x_wconf 91' lang='lat' dir='ltr'>aliquis</span> <span class='ocrx_word' id='word_1_23' title='bbox 1091 852 1262 925; x_wconf 89' lang='lat' dir='ltr'>utcunque</span> 
     </span>
     <span class='ocr_line' id='line_1_5' title="bbox 80 961 1262 1049; baseline -0.003 -21"><span class='ocrx_word' id='word_1_24' title='bbox 80 967 282 1049; x_wconf 89' lang='lat' dir='ltr'>interpretari</span> <span class='ocrx_word' id='word_1_25' title='bbox 303 975 355 1028; x_wconf 89' lang='lat' dir='ltr'>est</span> <span class='ocrx_word' id='word_1_26' title='bbox 376 974 519 1028; x_wconf 90' lang='lat' dir='ltr'>conatus</span> <span class='ocrx_word' id='word_1_27' title='bbox 539 964 765 1028; x_wconf 90' lang='lat' dir='ltr'>adscribendo</span> <span class='ocrx_word' id='word_1_28' title='bbox 790 965 942 1043; x_wconf 74' lang='lat' dir='ltr'>„sanitas</span> <span class='ocrx_word' id='word_1_29' title='bbox 963 961 1262 1027; x_wconf 88' lang='lat' dir='ltr'>sustentaculum.”</span> 
     </span>
     <span class='ocr_line' id='line_1_6' title="bbox 81 1083 1264 1168; baseline -0.004 -20"><span class='ocrx_word' id='word_1_30' title='bbox 81 1085 185 1168; x_wconf 84' lang='lat' dir='ltr'>Atque</span> <span class='ocrx_word' id='word_1_31' title='bbox 198 1085 288 1148; x_wconf 90' lang='lat' dir='ltr'>istud</span> <span class='ocrx_word' id='word_1_32' title='bbox 302 1085 654 1166; x_wconf 87' lang='lat' dir='ltr'>interpretamentum,</span> <span class='ocrx_word' id='word_1_33' title='bbox 665 1092 737 1145; x_wconf 90' lang='lat' dir='ltr'>tam</span> <span class='ocrx_word' id='word_1_34' title='bbox 748 1083 980 1165; x_wconf 90' lang='lat' dir='ltr'>importunum</span> <span class='ocrx_word' id='word_1_35' title='bbox 994 1091 1132 1164; x_wconf 83' lang='lat' dir='ltr'>tamque</span> <span class='ocrx_word' id='word_1_36' title='bbox 1145 1101 1264 1163; x_wconf 89' lang='lat' dir='ltr'>parurn</span> 
     </span>
     <span class='ocr_line' id='line_1_7' title="bbox 80 1200 1262 1285; baseline -0.003 -19"><span class='ocrx_word' id='word_1_37' title='bbox 80 1214 196 1285; x_wconf 88' lang='lat' dir='ltr'>aptum,</span> <span class='ocrx_word' id='word_1_38' title='bbox 220 1203 294 1266; x_wconf 88' lang='lat' dir='ltr'>sine</span> <span class='ocrx_word' id='word_1_39' title='bbox 319 1203 385 1265; x_wconf 91' lang='lat' dir='ltr'>ulla</span> <span class='ocrx_word' id='word_1_40' title='bbox 410 1212 492 1266; x_wconf 90' lang='lat' dir='ltr'>nota</span> <span class='ocrx_word' id='word_1_41' title='bbox 515 1203 549 1265; x_wconf 94' lang='lat' dir='ltr'>in</span> <span class='ocrx_word' id='word_1_42' title='bbox 573 1211 670 1265; x_wconf 88' lang='lat' dir='ltr'>textu</span> <span class='ocrx_word' id='word_1_43' title='bbox 695 1201 853 1283; x_wconf 88' lang='lat' dir='ltr'>perstitit,</span> <span class='ocrx_word' id='word_1_44' title='bbox 878 1203 987 1266; x_wconf 89' lang='lat' dir='ltr'>donec</span> <span class='ocrx_word' id='word_1_45' title='bbox 1011 1221 1031 1264; x_wconf 92' lang='lat' dir='ltr'>a</span> <span class='ocrx_word' id='word_1_46' title='bbox 1053 1200 1262 1283; x_wconf 89' lang='lat' dir='ltr'>Nipperdeio</span> 
     </span>
     <span class='ocr_line' id='line_1_8' title="bbox 80 1322 1263 1403; baseline -0.002 -18"><span class='ocrx_word' id='word_1_47' title='bbox 80 1324 198 1387; x_wconf 87' lang='lat' dir='ltr'>uncinis</span> <span class='ocrx_word' id='word_1_48' title='bbox 217 1332 270 1387; x_wconf 91' lang='lat' dir='ltr'>est</span> <span class='ocrx_word' id='word_1_49' title='bbox 291 1323 467 1396; x_wconf 89' lang='lat' dir='ltr'>inclusum,</span> <span class='ocrx_word' id='word_1_50' title='bbox 488 1322 610 1403; x_wconf 90' lang='lat' dir='ltr'>quibus</span> <span class='ocrx_word' id='word_1_51' title='bbox 630 1329 745 1384; x_wconf 89' lang='lat' dir='ltr'>tamen</span> <span class='ocrx_word' id='word_1_52' title='bbox 765 1357 809 1367; x_wconf 98' lang='lat'><em>-</em></span> <span class='ocrx_word' id='word_1_53' title='bbox 829 1328 866 1383; x_wconf 90' lang='lat' dir='ltr'>ut</span> <span class='ocrx_word' id='word_1_54' title='bbox 886 1341 975 1384; x_wconf 90' lang='lat' dir='ltr'>nunc</span> <span class='ocrx_word' id='word_1_55' title='bbox 994 1329 1073 1384; x_wconf 88' lang='lat' dir='ltr'>sunt</span> <span class='ocrx_word' id='word_1_56' title='bbox 1093 1341 1204 1383; x_wconf 90' lang='lat' dir='ltr'>mores</span> <span class='ocrx_word' id='word_1_57' title='bbox 1219 1357 1263 1367; x_wconf 98' lang='lat'><em>-</em></span> 
     </span>
     <span class='ocr_line' id='line_1_9' title="bbox 79 1441 548 1506; baseline -0.002 -2"><span class='ocrx_word' id='word_1_58' title='bbox 79 1441 208 1506; x_wconf 83' lang='lat' dir='ltr'>sortasse</span> <span class='ocrx_word' id='word_1_59' title='bbox 233 1463 316 1506; x_wconf 88' lang='lat' dir='ltr'>mox</span> <span class='ocrx_word' id='word_1_60' title='bbox 339 1441 548 1504; x_wconf 89' lang='lat' dir='ltr'>liberabitur.</span> 
     </span>
    </p>

    <p class='ocr_par' dir='ltr' id='par_1_4' title="bbox 116 1559 1195 1643">
     <span class='ocr_line' id='line_1_10' title="bbox 116 1559 1195 1643; baseline -0.002 -19"><span class='ocrx_word' id='word_1_61' title='bbox 116 1563 156 1624; x_wconf 90' lang='lat' dir='ltr'>H.</span> <span class='ocrx_word' id='word_1_62' title='bbox 181 1563 225 1636; x_wconf 90' lang='grc' dir='ltr'>ΙΙ,</span> <span class='ocrx_word' id='word_1_63' title='bbox 251 1563 306 1643; x_wconf 82' lang='lat'>63.</span> <span class='ocrx_word' id='word_1_64' title='bbox 332 1560 511 1625; x_wconf 88' lang='lat' dir='ltr'>Dolabella</span> <span class='ocrx_word' id='word_1_65' title='bbox 536 1580 604 1642; x_wconf 92' lang='lat' dir='ltr'>quo</span> <span class='ocrx_word' id='word_1_66' title='bbox 629 1559 769 1622; x_wconf 89' lang='lat' dir='ltr'>crimine</span> <span class='ocrx_word' id='word_1_67' title='bbox 793 1559 930 1642; x_wconf 84' lang='lat' dir='ltr'>perierit</span> <span class='ocrx_word' id='word_1_68' title='bbox 953 1560 1000 1622; x_wconf 91' lang='lat' dir='ltr'>sic</span> <span class='ocrx_word' id='word_1_69' title='bbox 1024 1568 1195 1623; x_wconf 88' lang='lat' dir='ltr'>narratur:</span> 
     </span>
    </p>

    <p class='ocr_par' dir='ltr' id='par_1_5' title="bbox 77 1678 1264 2001">
     <span class='ocr_line' id='line_1_11' title="bbox 118 1678 1264 1762; baseline -0.003 -16"><span class='ocrx_word' id='word_1_70' title='bbox 118 1681 316 1762; x_wconf 80' lang='lat' dir='ltr'>„Dolabella</span> <span class='ocrx_word' id='word_1_71' title='bbox 347 1681 464 1744; x_wconf 90' lang='lat' dir='ltr'>audita</span> <span class='ocrx_word' id='word_1_72' title='bbox 494 1687 604 1744; x_wconf 91' lang='lat' dir='ltr'>morte</span> <span class='ocrx_word' id='word_1_73' title='bbox 634 1678 780 1743; x_wconf 88' lang='lat' dir='ltr'>Othonis</span> <span class='ocrx_word' id='word_1_74' title='bbox 804 1678 922 1742; x_wconf 90' lang='lat' dir='ltr'>urbem</span> <span class='ocrx_word' id='word_1_75' title='bbox 946 1679 1132 1743; x_wconf 90' lang='lat' dir='ltr'>introierat.</span> <span class='ocrx_word' id='word_1_76' title='bbox 1169 1680 1208 1742; x_wconf 95' lang='lat' dir='ltr'>Id</span> <span class='ocrx_word' id='word_1_77' title='bbox 1233 1681 1264 1743; x_wconf 90' lang='lat' dir='ltr'>ei</span> 
     </span>
     <span class='ocr_line' id='line_1_12' title="bbox 79 1797 1264 1882; baseline 0 -20"><span class='ocrx_word' id='word_1_78' title='bbox 79 1800 223 1864; x_wconf 89' lang='lat' dir='ltr'>Plancius</span> <span class='ocrx_word' id='word_1_79' title='bbox 245 1801 357 1865; x_wconf 92' lang='lat' dir='ltr'>Varus</span> <span class='ocrx_word' id='word_1_80' title='bbox 378 1809 536 1882; x_wconf 88' lang='lat' dir='ltr'>praetura</span> <span class='ocrx_word' id='word_1_81' title='bbox 556 1798 701 1874; x_wconf 84' lang='lat' dir='ltr'>functus,</span> <span class='ocrx_word' id='word_1_82' title='bbox 722 1819 765 1860; x_wconf 89' lang='lat' dir='ltr'>ex</span> <span class='ocrx_word' id='word_1_83' title='bbox 786 1799 912 1862; x_wconf 90' lang='lat' dir='ltr'>intimis</span> <span class='ocrx_word' id='word_1_84' title='bbox 926 1797 1124 1862; x_wconf 89' lang='lat' dir='ltr'>Dolabellae</span> <span class='ocrx_word' id='word_1_85' title='bbox 1136 1800 1264 1874; x_wconf 77' lang='lat' dir='ltr'>amiciS,</span> 
     </span>
     <span class='ocr_line' id='line_1_13' title="bbox 77 1918 1086 2001; baseline 0 -21"><span class='ocrx_word' id='word_1_86' title='bbox 77 1921 157 2001; x_wconf 92' lang='lat' dir='ltr'>apud</span> <span class='ocrx_word' id='word_1_87' title='bbox 183 1920 341 1982; x_wconf 90' lang='lat' dir='ltr'>Flavium</span> <span class='ocrx_word' id='word_1_88' title='bbox 367 1918 541 1994; x_wconf 89' lang='lat' dir='ltr'>Sabinum,</span> <span class='ocrx_word' id='word_1_89' title='bbox 566 1918 774 2001; x_wconf 85' lang='lat' dir='ltr'>praelectum</span> <span class='ocrx_word' id='word_1_90' title='bbox 801 1918 902 1992; x_wconf 77' lang='lat' dir='ltr'>urbia,</span> <span class='ocrx_word' id='word_1_91' title='bbox 928 1918 1086 1981; x_wconf 87' lang='lat' dir='ltr'>obiecit.¹’</span> 
     </span>
    </p>

    <p class='ocr_par' dir='ltr' id='par_1_6' title="bbox 76 2037 1266 3057">
     <span class='ocr_line' id='line_1_14' title="bbox 116 2037 1263 2119; baseline -0.003 -16"><span class='ocrx_word' id='word_1_92' title='bbox 116 2037 226 2103; x_wconf 86' lang='lat' dir='ltr'>Sicine</span> <span class='ocrx_word' id='word_1_93' title='bbox 252 2038 429 2102; x_wconf 90' lang='lat' dir='ltr'>Latinitati</span> <span class='ocrx_word' id='word_1_94' title='bbox 455 2039 523 2101; x_wconf 92' lang='lat' dir='ltr'>vim</span> <span class='ocrx_word' id='word_1_95' title='bbox 544 2037 646 2100; x_wconf 87' lang='lat' dir='ltr'>saciat</span> <span class='ocrx_word' id='word_1_96' title='bbox 666 2038 854 2119; x_wconf 90' lang='lat' dir='ltr'>quisquam,</span> <span class='ocrx_word' id='word_1_97' title='bbox 875 2046 913 2100; x_wconf 92' lang='lat' dir='ltr'>ut</span> <span class='ocrx_word' id='word_1_98' title='bbox 933 2057 1010 2100; x_wconf 91' lang='lat' dir='ltr'>cum</span> <span class='ocrx_word' id='word_1_99' title='bbox 1031 2039 1142 2102; x_wconf 91' lang='lat' dir='ltr'>dicere</span> <span class='ocrx_word' id='word_1_100' title='bbox 1165 2037 1263 2101; x_wconf 92' lang='lat' dir='ltr'>velit:</span> 
     </span>
     <span class='ocr_line' id='line_1_15' title="bbox 81 2156 1264 2236; baseline 0 -16"><span class='ocrx_word' id='word_1_101' title='bbox 81 2157 282 2236; x_wconf 86' lang='lat' dir='ltr'>,Dolabellae</span> <span class='ocrx_word' id='word_1_102' title='bbox 305 2157 426 2233; x_wconf 77' lang='lat' dir='ltr'>Vama,</span> <span class='ocrx_word' id='word_1_103' title='bbox 451 2177 494 2220; x_wconf 90' lang='lat' dir='ltr'>ex</span> <span class='ocrx_word' id='word_1_104' title='bbox 519 2157 646 2219; x_wconf 89' lang='lat' dir='ltr'>intimis</span> <span class='ocrx_word' id='word_1_105' title='bbox 665 2157 735 2220; x_wconf 82' lang='lat' dir='ltr'>eius</span> <span class='ocrx_word' id='word_1_106' title='bbox 755 2157 880 2231; x_wconf 90' lang='lat' dir='ltr'>amicis,</span> <span class='ocrx_word' id='word_1_107' title='bbox 903 2156 1072 2220; x_wconf 87' lang='lat' dir='ltr'>obiecit..</span> <span class='ocrx_word' id='word_1_108' title='bbox 1087 2157 1129 2232; x_wconf 90' lang='lat'>.,”</span> <span class='ocrx_word' id='word_1_109' title='bbox 1148 2159 1208 2221; x_wconf 90' lang='lat' dir='ltr'>sed</span> <span class='ocrx_word' id='word_1_110' title='bbox 1228 2179 1264 2220; x_wconf 91' lang='lat' dir='ltr'>se</span> 
     </span>
     <span class='ocr_line' id='line_1_16' title="bbox 78 2275 1262 2360; baseline 0.003 -23"><span class='ocrx_word' id='word_1_111' title='bbox 78 2295 194 2339; x_wconf 91' lang='lat' dir='ltr'>nomen</span> <span class='ocrx_word' id='word_1_112' title='bbox 220 2276 302 2340; x_wconf 92' lang='lat' dir='ltr'>illud</span> <span class='ocrx_word' id='word_1_113' title='bbox 323 2276 426 2358; x_wconf 88' lang='lat' dir='ltr'>paulo</span> <span class='ocrx_word' id='word_1_114' title='bbox 446 2286 525 2339; x_wconf 91' lang='lat' dir='ltr'>ante</span> <span class='ocrx_word' id='word_1_115' title='bbox 547 2296 673 2358; x_wconf 90' lang='lat' dir='ltr'>ponere</span> <span class='ocrx_word' id='word_1_116' title='bbox 694 2276 900 2352; x_wconf 87' lang='lat' dir='ltr'>recordetur,</span> <span class='ocrx_word' id='word_1_117' title='bbox 921 2296 982 2358; x_wconf 90' lang='lat' dir='ltr'>pro</span> <span class='ocrx_word' id='word_1_118' title='bbox 1003 2275 1060 2339; x_wconf 96' lang='lat' dir='ltr'>illo</span> <span class='ocrx_word' id='word_1_119' title='bbox 1074 2297 1262 2360; x_wconf 90' lang='lat' dir='ltr'>pronomen</span> 
     </span>
     <span class='ocr_line' id='line_1_17' title="bbox 77 2394 1264 2478; baseline 0.003 -22"><span class='ocrx_word' id='word_1_120' title='bbox 77 2396 104 2456; x_wconf 82' lang='lat' dir='ltr'>ei</span> <span class='ocrx_word' id='word_1_121' title='bbox 124 2406 239 2478; x_wconf 88' lang='lat' dir='ltr'>ponat,</span> <span class='ocrx_word' id='word_1_122' title='bbox 265 2404 337 2459; x_wconf 90' lang='lat' dir='ltr'>tum</span> <span class='ocrx_word' id='word_1_123' title='bbox 362 2395 470 2458; x_wconf 92' lang='lat' dir='ltr'>tribus</span> <span class='ocrx_word' id='word_1_124' title='bbox 490 2394 665 2458; x_wconf 89' lang='lat' dir='ltr'>vocabulis</span> <span class='ocrx_word' id='word_1_125' title='bbox 685 2395 871 2458; x_wconf 82' lang='lat' dir='ltr'>interiectis</span> <span class='ocrx_word' id='word_1_126' title='bbox 890 2394 964 2478; x_wconf 93' lang='lat' dir='ltr'>ipso</span> <span class='ocrx_word' id='word_1_127' title='bbox 984 2397 1106 2460; x_wconf 88' lang='lat' dir='ltr'>iterum</span> <span class='ocrx_word' id='word_1_128' title='bbox 1127 2399 1264 2461; x_wconf 90' lang='lat' dir='ltr'>nomine</span> 
     </span>
     <span class='ocr_line' id='line_1_18' title="bbox 78 2514 1266 2598; baseline 0.001 -21"><span class='ocrx_word' id='word_1_129' title='bbox 78 2515 207 2597; x_wconf 91' lang='lat' dir='ltr'>proprio</span> <span class='ocrx_word' id='word_1_130' title='bbox 229 2522 345 2578; x_wconf 90' lang='lat' dir='ltr'>utatur</span> <span class='ocrx_word' id='word_1_131' title='bbox 365 2515 407 2596; x_wconf 82' lang='lat' dir='ltr'>(ei</span> <span class='ocrx_word' id='word_1_132' title='bbox 427 2514 547 2588; x_wconf 91' lang='lat' dir='ltr'>Varus,</span> <span class='ocrx_word' id='word_1_133' title='bbox 570 2535 614 2577; x_wconf 90' lang='lat' dir='ltr'>ex</span> <span class='ocrx_word' id='word_1_134' title='bbox 635 2515 762 2578; x_wconf 88' lang='lat' dir='ltr'>intimis</span> <span class='ocrx_word' id='word_1_135' title='bbox 773 2515 966 2578; x_wconf 83' lang='lat' dir='ltr'>Dolabellae</span> <span class='ocrx_word' id='word_1_136' title='bbox 977 2516 1094 2579; x_wconf 90' lang='lat' dir='ltr'>amicis</span> <span class='ocrx_word' id='word_1_137' title='bbox 1107 2514 1266 2598; x_wconf 73' lang='lat' dir='ltr'>obiecitjl</span> 
     </span>
     <span class='ocr_line' id='line_1_19' title="bbox 77 2631 1266 2718; baseline 0.002 -22"><span class='ocrx_word' id='word_1_138' title='bbox 77 2631 170 2696; x_wconf 87' lang='lat' dir='ltr'>Certe</span> <span class='ocrx_word' id='word_1_139' title='bbox 202 2655 270 2697; x_wconf 94' lang='lat' dir='ltr'>non</span> <span class='ocrx_word' id='word_1_140' title='bbox 303 2633 381 2697; x_wconf 87' lang='lat' dir='ltr'>lecit</span> <span class='ocrx_word' id='word_1_141' title='bbox 413 2635 563 2710; x_wconf 80' lang='lat' dir='ltr'>TacituS,</span> <span class='ocrx_word' id='word_1_142' title='bbox 595 2635 666 2709; x_wconf 89' lang='lat' dir='ltr'>sed,</span> <span class='ocrx_word' id='word_1_143' title='bbox 700 2635 792 2716; x_wconf 93' lang='lat' dir='ltr'>quod</span> <span class='ocrx_word' id='word_1_144' title='bbox 819 2634 982 2717; x_wconf 83' lang='lat' dir='ltr'>elegantis</span> <span class='ocrx_word' id='word_1_145' title='bbox 1007 2645 1058 2698; x_wconf 89' lang='lat' dir='ltr'>est</span> <span class='ocrx_word' id='word_1_146' title='bbox 1082 2637 1266 2718; x_wconf 77' lang='lat' dir='ltr'>scriptoriS,</span> 
     </span>
     <span class='ocr_line' id='line_1_20' title="bbox 77 2753 1264 2836; baseline 0.003 -22"><span class='ocrx_word' id='word_1_147' title='bbox 77 2754 309 2817; x_wconf 87' lang='lat' dir='ltr'>tantummodo</span> <span class='ocrx_word' id='word_1_148' title='bbox 332 2774 373 2817; x_wconf 81' lang='lat' dir='ltr'>ex</span> <span class='ocrx_word' id='word_1_149' title='bbox 393 2755 521 2818; x_wconf 84' lang='lat' dir='ltr'>intimis</span> <span class='ocrx_word' id='word_1_150' title='bbox 540 2753 657 2817; x_wconf 83' lang='lat' dir='ltr'>amicis</span> <span class='ocrx_word' id='word_1_151' title='bbox 678 2754 822 2836; x_wconf 91' lang='lat' dir='ltr'>scripsit,</span> <span class='ocrx_word' id='word_1_152' title='bbox 843 2753 981 2817; x_wconf 90' lang='lat' dir='ltr'>minime</span> <span class='ocrx_word' id='word_1_153' title='bbox 1002 2756 1162 2818; x_wconf 88' lang='lat' dir='ltr'>dubitans</span> <span class='ocrx_word' id='word_1_154' title='bbox 1182 2755 1264 2836; x_wconf 91' lang='lat' dir='ltr'>quin</span> 
     </span>
     <span class='ocr_line' id='line_1_21' title="bbox 76 2871 1265 2954; baseline 0.003 -21"><span class='ocrx_word' id='word_1_155' title='bbox 76 2873 183 2934; x_wconf 89' lang='lat' dir='ltr'>statim</span> <span class='ocrx_word' id='word_1_156' title='bbox 208 2874 351 2954; x_wconf 88' lang='lat' dir='ltr'>quisque</span> <span class='ocrx_word' id='word_1_157' title='bbox 375 2873 607 2936; x_wconf 89' lang='lat' dir='ltr'>intellecturus</span> <span class='ocrx_word' id='word_1_158' title='bbox 630 2883 719 2936; x_wconf 88' lang='lat' dir='ltr'>esset</span> <span class='ocrx_word' id='word_1_159' title='bbox 743 2893 761 2936; x_wconf 89' lang='lat' dir='ltr'>e</span> <span class='ocrx_word' id='word_1_160' title='bbox 785 2872 975 2938; x_wconf 82' lang='lat' dir='ltr'>Dolabellae</span> <span class='ocrx_word' id='word_1_161' title='bbox 997 2875 1125 2938; x_wconf 89' lang='lat' dir='ltr'>intimis</span> <span class='ocrx_word' id='word_1_162' title='bbox 1148 2871 1265 2938; x_wconf 88' lang='lat' dir='ltr'>amicis</span> 
     </span>
     <span class='ocr_line' id='line_1_22' title="bbox 76 2989 334 3057; baseline 0.016 -5"><span class='ocrx_word' id='word_1_163' title='bbox 76 2989 168 3056; x_wconf 84' lang='lat' dir='ltr'>luisse</span> <span class='ocrx_word' id='word_1_164' title='bbox 193 2993 334 3057; x_wconf 90' lang='lat' dir='ltr'>Varum.</span> 
     </span>
    </p>

    <p class='ocr_par' dir='ltr' id='par_1_7' title="bbox 75 3111 1262 3434">
     <span class='ocr_line' id='line_1_23' title="bbox 116 3111 1261 3196; baseline 0.004 -21"><span class='ocrx_word' id='word_1_165' title='bbox 116 3111 158 3175; x_wconf 91' lang='lat' dir='ltr'>H.</span> <span class='ocrx_word' id='word_1_166' title='bbox 182 3113 225 3189; x_wconf 91' lang='lat' dir='ltr'>II,</span> <span class='ocrx_word' id='word_1_167' title='bbox 252 3115 312 3196; x_wconf 90' lang='lat'>78:</span> <span class='ocrx_word' id='word_1_168' title='bbox 337 3113 590 3194; x_wconf 82' lang='lat' dir='ltr'>„Recursabant</span> <span class='ocrx_word' id='word_1_169' title='bbox 609 3113 724 3176; x_wconf 90' lang='lat' dir='ltr'>animo</span> <span class='ocrx_word' id='word_1_170' title='bbox 745 3113 972 3196; x_wconf 89' lang='lat' dir='ltr'>(Vespasiani)</span> <span class='ocrx_word' id='word_1_171' title='bbox 995 3123 1111 3178; x_wconf 89' lang='lat' dir='ltr'>vetera</span> <span class='ocrx_word' id='word_1_172' title='bbox 1131 3116 1261 3180; x_wconf 91' lang='lat' dir='ltr'>omina:</span> 
     </span>
     <span class='ocr_line' id='line_1_24' title="bbox 75 3230 1262 3320; baseline 0.005 -26"><span class='ocrx_word' id='word_1_173' title='bbox 75 3251 245 3315; x_wconf 82' lang='lat' dir='ltr'>cupressus</span> <span class='ocrx_word' id='word_1_174' title='bbox 269 3230 394 3320; x_wconf 88' lang='lat' dir='ltr'>[arbor]</span> <span class='ocrx_word' id='word_1_175' title='bbox 418 3235 453 3296; x_wconf 90' lang='lat' dir='ltr'>in</span> <span class='ocrx_word' id='word_1_176' title='bbox 476 3234 565 3316; x_wconf 87' lang='lat' dir='ltr'>agris</span> <span class='ocrx_word' id='word_1_177' title='bbox 590 3233 671 3308; x_wconf 90' lang='lat' dir='ltr'>eius,</span> <span class='ocrx_word' id='word_1_178' title='bbox 696 3234 880 3315; x_wconf 87' lang='lat' dir='ltr'>conspicua</span> <span class='ocrx_word' id='word_1_179' title='bbox 904 3233 1093 3310; x_wconf 86' lang='lat' dir='ltr'>altitudine,</span> <span class='ocrx_word' id='word_1_180' title='bbox 1120 3246 1262 3319; x_wconf 90' lang='lat' dir='ltr'>repente</span> 
     </span>
     <span class='ocr_line' id='line_1_25' title="bbox 75 3351 424 3434; baseline 0.006 -21"><span class='ocrx_word' id='word_1_181' title='bbox 75 3353 262 3432; x_wconf 88' lang='lat' dir='ltr'>prociderat</span> <span class='ocrx_word' id='word_1_182' title='bbox 285 3371 314 3414; x_wconf 88' lang='lat' dir='ltr'>e.</span> <span class='ocrx_word' id='word_1_183' title='bbox 329 3373 362 3434; x_wconf 88' lang='lat' dir='ltr'>q.</span> <span class='ocrx_word' id='word_1_184' title='bbox 375 3351 424 3415; x_wconf 90' lang='lat' dir='ltr'>s.”</span> 
     </span>
    </p>

    <p class='ocr_par' dir='ltr' id='par_1_8' title="bbox 73 3470 1259 3792">
     <span class='ocr_line' id='line_1_26' title="bbox 115 3470 1259 3556; baseline 0.007 -23"><span class='ocrx_word' id='word_1_185' title='bbox 115 3470 364 3535; x_wconf 89' lang='lat' dir='ltr'>Balbutientem</span> <span class='ocrx_word' id='word_1_186' title='bbox 383 3470 481 3534; x_wconf 91' lang='lat' dir='ltr'>nobis</span> <span class='ocrx_word' id='word_1_187' title='bbox 493 3470 650 3534; x_wconf 87' lang='lat' dir='ltr'>Tacitum</span> <span class='ocrx_word' id='word_1_188' title='bbox 663 3472 828 3548; x_wconf 85' lang='lat' dir='ltr'>exhibuit,</span> <span class='ocrx_word' id='word_1_189' title='bbox 842 3475 899 3556; x_wconf 90' lang='lat' dir='ltr'>qui</span> <span class='ocrx_word' id='word_1_190' title='bbox 914 3474 1041 3555; x_wconf 90' lang='lat' dir='ltr'>primus</span> <span class='ocrx_word' id='word_1_191' title='bbox 1054 3476 1143 3538; x_wconf 90' lang='lat' dir='ltr'>istud</span> <span class='ocrx_word' id='word_1_192' title='bbox 1156 3477 1259 3541; x_wconf 79' lang='lat' dir='ltr'>arbor</span> 
     </span>
     <span class='ocr_line' id='line_1_27' title="bbox 74 3590 1259 3673; baseline 0.007 -24"><span class='ocrx_word' id='word_1_193' title='bbox 74 3590 180 3652; x_wconf 90' lang='lat' dir='ltr'>verbis</span> <span class='ocrx_word' id='word_1_194' title='bbox 203 3591 275 3654; x_wconf 89' lang='lat' dir='ltr'>eius</span> <span class='ocrx_word' id='word_1_195' title='bbox 299 3590 434 3654; x_wconf 87' lang='lat' dir='ltr'>adiecit.</span> <span class='ocrx_word' id='word_1_196' title='bbox 460 3590 524 3653; x_wconf 92' lang='lat' dir='ltr'>Hic</span> <span class='ocrx_word' id='word_1_197' title='bbox 550 3610 685 3672; x_wconf 91' lang='lat' dir='ltr'>quoque</span> <span class='ocrx_word' id='word_1_198' title='bbox 711 3591 838 3673; x_wconf 90' lang='lat' dir='ltr'>primus</span> <span class='ocrx_word' id='word_1_199' title='bbox 863 3592 1053 3654; x_wconf 91' lang='lat' dir='ltr'>mortalium</span> <span class='ocrx_word' id='word_1_200' title='bbox 1080 3594 1259 3657; x_wconf 89' lang='lat' dir='ltr'>veritatem</span> 
     </span>
     <span class='ocr_line' id='line_1_28' title="bbox 73 3708 574 3792; baseline 0.002 -21"><span class='ocrx_word' id='word_1_201' title='bbox 73 3710 207 3790; x_wconf 82' lang='lat' dir='ltr'>agnovit</span> <span class='ocrx_word' id='word_1_202' title='bbox 231 3708 442 3792; x_wconf 90' lang='lat' dir='ltr'>Leopoldius</span> <span class='ocrx_word' id='word_1_203' title='bbox 466 3730 574 3773; x_wconf 90' lang='lat' dir='ltr'>meus.</span> 
     </span>
    </p>

    <p class='ocr_par' dir='ltr' id='par_1_9' title="bbox 72 3827 1260 4132">
     <span class='ocr_line' id='line_1_29' title="bbox 114 3827 1260 3912; baseline 0.003 -22"><span class='ocrx_word' id='word_1_204' title='bbox 114 3827 157 3890; x_wconf 92' lang='lat' dir='ltr'>H.</span> <span class='ocrx_word' id='word_1_205' title='bbox 180 3828 224 3904; x_wconf 91' lang='lat' dir='ltr'>II,</span> <span class='ocrx_word' id='word_1_206' title='bbox 250 3843 304 3911; x_wconf 78' lang='lat'>95.</span> <span class='ocrx_word' id='word_1_207' title='bbox 329 3829 378 3893; x_wconf 91' lang='lat' dir='ltr'>Ut</span> <span class='ocrx_word' id='word_1_208' title='bbox 400 3829 569 3912; x_wconf 86' lang='lat' dir='ltr'>significet</span> <span class='ocrx_word' id='word_1_209' title='bbox 591 3849 693 3912; x_wconf 91' lang='lat' dir='ltr'>quam</span> <span class='ocrx_word' id='word_1_210' title='bbox 719 3835 847 3890; x_wconf 89' lang='lat' dir='ltr'>mature</span> <span class='ocrx_word' id='word_1_211' title='bbox 874 3847 998 3890; x_wconf 93' lang='lat' dir='ltr'>novum</span> <span class='ocrx_word' id='word_1_212' title='bbox 1024 3827 1105 3892; x_wconf 93' lang='lat' dir='ltr'>illud</span> <span class='ocrx_word' id='word_1_213' title='bbox 1131 3831 1260 3894; x_wconf 89' lang='lat' dir='ltr'>Vitellii</span> 
     </span>
     <span class='ocr_line' id='line_1_30' title="bbox 72 3945 1259 4031; baseline 0.006 -24"><span class='ocrx_word' id='word_1_214' title='bbox 72 3945 246 4029; x_wconf 88' lang='lat' dir='ltr'>imperium</span> <span class='ocrx_word' id='word_1_215' title='bbox 271 3949 385 4012; x_wconf 89' lang='lat' dir='ltr'>omnia</span> <span class='ocrx_word' id='word_1_216' title='bbox 410 3950 559 4030; x_wconf 92' lang='lat' dir='ltr'>priorum</span> <span class='ocrx_word' id='word_1_217' title='bbox 583 3966 763 4031; x_wconf 84' lang='lat' dir='ltr'>regnorum</span> <span class='ocrx_word' id='word_1_218' title='bbox 788 3946 870 4008; x_wconf 90' lang='lat' dir='ltr'>vitia</span> <span class='ocrx_word' id='word_1_219' title='bbox 893 3950 1110 4024; x_wconf 86' lang='lat' dir='ltr'>contraxerit,</span> <span class='ocrx_word' id='word_1_220' title='bbox 1135 3959 1170 4012; x_wconf 91' lang='lat' dir='ltr'>et</span> <span class='ocrx_word' id='word_1_221' title='bbox 1194 3951 1259 4014; x_wconf 91' lang='lat' dir='ltr'>alia</span> 
     </span>
     <span class='ocr_line' id='line_1_31' title="bbox 72 4065 1085 4132; baseline 0.005 -6"><span class='ocrx_word' id='word_1_222' title='bbox 72 4067 172 4129; x_wconf 87' lang='lat' dir='ltr'>tradit</span> <span class='ocrx_word' id='word_1_223' title='bbox 194 4066 334 4130; x_wconf 87' lang='lat' dir='ltr'>Tacitus</span> <span class='ocrx_word' id='word_1_224' title='bbox 358 4077 393 4130; x_wconf 89' lang='lat' dir='ltr'>et</span> <span class='ocrx_word' id='word_1_225' title='bbox 416 4067 481 4130; x_wconf 94' lang='lat' dir='ltr'>hoc</span> <span class='ocrx_word' id='word_1_226' title='bbox 504 4068 697 4132; x_wconf 89' lang='lat' dir='ltr'>acutissima</span> <span class='ocrx_word' id='word_1_227' title='bbox 722 4065 876 4129; x_wconf 86' lang='lat' dir='ltr'>enuntiat</span> <span class='ocrx_word' id='word_1_228' title='bbox 899 4066 1085 4131; x_wconf 90' lang='lat' dir='ltr'>brevitate:</span> 
     </span>
    </p>
   </div>
   <div class='ocr_carea' id='block_1_3' title="bbox 114 4185 1258 4272">
    <p class='ocr_par' dir='ltr' id='par_1_10' title="bbox 114 4185 1258 4272">
     <span class='ocr_line' id='line_1_32' title="bbox 114 4185 1258 4272; baseline 0.005 -25"><span class='ocrx_word' id='word_1_229' title='bbox 114 4185 276 4247; x_wconf 88' lang='lat' dir='ltr'>Nondum</span> <span class='ocrx_word' id='word_1_230' title='bbox 308 4194 447 4266; x_wconf 88' lang='lat' dir='ltr'>quartus</span> <span class='ocrx_word' id='word_1_231' title='bbox 473 4207 494 4250; x_wconf 89' lang='lat' dir='ltr'>a</span> <span class='ocrx_word' id='word_1_232' title='bbox 518 4187 660 4250; x_wconf 89' lang='lat' dir='ltr'>victoria</span> <span class='ocrx_word' id='word_1_233' title='bbox 685 4185 810 4247; x_wconf 90' lang='lat' dir='ltr'>mensis</span> <span class='ocrx_word' id='word_1_234' title='bbox 834 4193 868 4247; x_wconf 90' lang='lat' dir='ltr'>et</span> <span class='ocrx_word' id='word_1_235' title='bbox 890 4187 1058 4252; x_wconf 83' lang='lat' dir='ltr'>Asiaticus</span> <span class='ocrx_word' id='word_1_236' title='bbox 1080 4188 1258 4272; x_wconf 82' lang='lat' dir='ltr'>Polyclitos</span> 
     </span>
    </p>
   </div>
   <div class='ocr_carea' id='block_1_4' title="bbox 72 4301 1261 4508">
    <p class='ocr_par' dir='ltr' id='par_1_11' title="bbox 72 4301 1261 4508">
     <span class='ocr_line' id='line_1_33' title="bbox 72 4301 1012 4386; baseline 0.004 -20"><span class='ocrx_word' id='word_1_237' title='bbox 72 4301 243 4367; x_wconf 83' lang='lat' dir='ltr'>Patrobios</span> <span class='ocrx_word' id='word_1_238' title='bbox 267 4314 302 4367; x_wconf 92' lang='lat' dir='ltr'>et</span> <span class='ocrx_word' id='word_1_239' title='bbox 326 4315 442 4369; x_wconf 89' lang='lat' dir='ltr'>vetera</span> <span class='ocrx_word' id='word_1_240' title='bbox 467 4307 623 4371; x_wconf 91' lang='lat' dir='ltr'>odiorum</span> <span class='ocrx_word' id='word_1_241' title='bbox 647 4306 785 4368; x_wconf 93' lang='lat' dir='ltr'>nomina</span> <span class='ocrx_word' id='word_1_242' title='bbox 809 4306 1012 4386; x_wconf 88' lang='lat' dir='ltr'>aequabat.”</span> 
     </span>
     <span class='ocr_line' id='line_1_34' title="bbox 114 4423 1261 4508; baseline 0.007 -23"><span class='ocrx_word' id='word_1_243' title='bbox 114 4423 203 4486; x_wconf 86' lang='lat' dir='ltr'>Bene</span> <span class='ocrx_word' id='word_1_244' title='bbox 224 4423 402 4489; x_wconf 88' lang='lat' dir='ltr'>nobiscum</span> <span class='ocrx_word' id='word_1_245' title='bbox 422 4435 535 4490; x_wconf 92' lang='lat' dir='ltr'>actum</span> <span class='ocrx_word' id='word_1_246' title='bbox 553 4427 719 4490; x_wconf 83' lang='lat' dir='ltr'>fateamur</span> <span class='ocrx_word' id='word_1_247' title='bbox 731 4423 824 4506; x_wconf 94' lang='lat' dir='ltr'>quod</span> <span class='ocrx_word' id='word_1_248' title='bbox 838 4444 906 4486; x_wconf 93' lang='lat' dir='ltr'>non</span> <span class='ocrx_word' id='word_1_249' title='bbox 920 4427 953 4488; x_wconf 93' lang='lat' dir='ltr'>in</span> <span class='ocrx_word' id='word_1_250' title='bbox 967 4427 1084 4489; x_wconf 90' lang='lat' dir='ltr'>codice</span> <span class='ocrx_word' id='word_1_251' title='bbox 1096 4429 1155 4490; x_wconf 87' lang='lat' dir='ltr'>sit:</span> <span class='ocrx_word' id='word_1_252' title='bbox 1180 4428 1261 4508; x_wconf 86' lang='lat' dir='ltr'>,Vi-</span> 
     </span>
    </p>
   </div>
   <div class='ocr_carea' id='block_1_5' title="bbox 0 0 1618 5236">
    <p class='ocr_par' dir='ltr' id='par_1_12' title="bbox 0 0 1618 5236">
     <span class='ocr_line' id='line_1_35' title="bbox 0 0 1618 5236; baseline 0 2"><span class='ocrx_word' id='word_1_253' title='bbox 0 0 1618 5236; x_wconf 95' lang='lat' dir='ltr'> </span> 
     </span>
    </p>
   </div>
  </div>
 </body>
</html>
