3266 5238
914 423 957 486 80

340 602 455 666 Civilis
486 601 579 665 rabie
610 609 718 664 semet
750 601 782 664 in
815 621 908 664 arma
937 605 1047 665 trusos
1056 627 1063 677 ;
1094 601 1187 664 illum
1215 603 1412 666 domesticis
1436 603 1534 666 malis

340 721 510 785 excidium
535 721 646 803 gentis
669 720 900 803 opposuisse”.

385 839 420 905 Si
450 848 542 904 recte
572 841 640 902 vim
670 840 764 904 verbi
792 841 976 923 opposuisse
1005 840 1167 922 intelligo,
1192 840 1257 903 hoc
1281 840 1379 904 Civili
1403 841 1486 903 vitio
1511 861 1533 903 a

340 961 536 1043 proceribus
559 961 668 1034 datur,
692 960 784 1041 quod
810 960 963 1042 proprias
986 961 1122 1023 iniurias
1145 961 1209 1024 sibi
1234 960 1344 1023 illatas
1366 981 1387 1023 a
1407 962 1533 1024 Roma·

341 1081 401 1154 nis,
432 1088 468 1142 et
496 1080 601 1142 totius
629 1079 740 1160 gentis
765 1079 970 1142 Batavorum
994 1079 1165 1143 excidium
1190 1089 1364 1162 tamquam
1389 1081 1423 1142 in
1447 1080 1537 1143 libra

341 1199 502 1283 posuerit,
529 1199 561 1261 in
586 1198 692 1262 altera
716 1199 859 1261 alterum
884 1197 990 1274 lance,
1015 1199 1176 1280 quodque
1200 1209 1281 1262 tunc
1306 1174 1351 1262 illi
1378 1199 1538 1282 propriae

341 1321 481 1383 iniuriae
516 1319 606 1382 idem
643 1318 768 1382 habere
805 1327 1015 1380 momentum
1052 1319 1143 1380 visae
1179 1319 1256 1394 sint,
1292 1320 1385 1400 quod
1417 1319 1538 1401 populi

340 1441 446 1504 totius
470 1439 651 1522 pernicies;
676 1447 711 1501 et
736 1458 824 1501 nunc
848 1457 925 1500 eum
949 1457 1046 1500 suum
1071 1437 1224 1500 dolorem
1248 1436 1341 1500 illum
1361 1439 1537 1501 communi

342 1560 493 1623 omnium
518 1558 653 1621 excidio
676 1577 897 1639 compensare
921 1557 1079 1621 clamant.

386 1679 430 1743 A.
451 1679 476 1755 Ι,
501 1695 550 1761 17.
572 1677 787 1759 (Pescennius
807 1676 1018 1739 Pannonicas
1038 1671 1189 1758 legiones
1207 1678 1254 1740 ita
1271 1677 1314 1740 ad
1328 1677 1536 1740 discordiam

342 1798 485 1881 impellit
506 1806 543 1861 ut
563 1799 682 1860 duram
702 1804 829 1859 sortem
849 1795 1109 1877 legionariorum
1123 1816 1200 1859 cum
1214 1795 1302 1860 facili
1315 1806 1537 1878 quaestuosa-

341 1939 406 2000 que
432 1917 722 2000 praetorianorum
745 1914 897 1978 conferat
921 1914 1049 1990 militia,
1073 1916 1264 1998 additque):

390 2057 477 2118 „non
509 2036 692 2099 obtrectari
722 2057 742 2098 a
773 2056 808 2098 se
839 2035 983 2099 urbanas
1012 2036 1189 2099 excubias:
1214 2036 1277 2100 sibi
1303 2045 1417 2100 tamen
1441 2039 1537 2119 apud

342 2157 496 2220 horridas
519 2164 639 2238 gentes
661 2176 680 2218 e
703 2155 935 2219 contuberniis
958 2156 1091 2219 hostem
1115 2154 1253 2238 aspici''.

389 2277 557 2359 Lepidum
583 2284 830 2358 venustumque
855 2274 909 2337 hic
934 2275 1098 2358 particula
1121 2287 1229 2339 tamen
1250 2274 1354 2338 habet
1374 2276 1539 2352 colorem,

343 2397 545 2480 egregieque
577 2395 679 2458 refert
708 2396 743 2457 τὸ
776 2387 841 2465 ἦθος
874 2403 909 2457 et
940 2395 1012 2457 eius
1038 2396 1095 2477 qui
1121 2395 1268 2477 loquitur
1293 2403 1466 2457 eteorum
1492 2397 1540 2457 ad

343 2536 428 2598 quos
452 2517 561 2578 oratio
584 2515 738 2591 habetur,
763 2515 823 2578 sed
848 2515 910 2577 nisi
936 2515 1070 2596 egregie
1095 2513 1200 2587 fallor,
1222 2515 1389 2577 rarissime
1409 2515 1456 2577 sic
1476 2535 1542 2596 po-

342 2635 447 2710 nitur;
475 2634 555 2697 mihi
580 2642 672 2696 certe
695 2633 786 2696 aliud
811 2633 1005 2716 exemplum
1030 2653 1118 2696 nunc
1143 2634 1177 2696 in
1202 2641 1363 2716 promptu
1385 2645 1540 2697 nonest.

342 2753 397 2818 Sic
421 2755 511 2817 enim
536 2754 754 2835 conqueritur
780 2753 998 2817 Pescennius:
1028 2773 1116 2833 „non
1136 2752 1293 2816 obtrecto
1313 2754 1458 2817 urbanas
1477 2775 1542 2817 ex-

343 2872 470 2954 cubias‚
494 2893 572 2935 suus
595 2872 659 2935 illis
678 2881 746 2936 stet
766 2873 874 2936 honor
967 2873 1027 2935 sed
1047 2892 1251 2954 quocunque
1269 2873 1411 2935 tandem
1431 2874 1541 2936 modo

346 2994 388 3056 de
419 2992 492 3055 aliis
523 2993 631 3074 copiis
661 2993 788 3056 iudicat
816 2992 946 3075 aliquis,
973 3011 1044 3067 nos,
1070 2993 1184 3074 negari
1209 2991 1291 3054 illud
1315 3012 1384 3054 non
1409 3000 1540 3074 potest,

344 3133 480 3195 semper
503 3113 536 3175 in
561 3113 681 3176 mediis
704 3132 876 3176 versamur
900 3111 1088 3195 periculis”.
1110 3111 1213 3194 (Belg.
1234 3112 1301 3174 dan
1321 3112 1392 3175 toclt
1413 3113 1542 3194 maur).

390 3230 481 3294 Ann.
514 3231 575 3306 III,
614 3249 639 3294 1.
674 3231 877 3312 ,Postquam
908 3230 1123 3314 (Agrippina)
1154 3231 1287 3294 duobus
1311 3250 1387 3294 cum
1412 3229 1543 3306 liberis,

345 3349 482 3413 feralem
511 3369 630 3413 umam
659 3350 758 3431 (quae
788 3349 979 3412 Germanici
1003 3350 1203 3413 continebat
1226 3349 1378 3430 cineres),
1403 3369 1547 3432 egressa

345 3470 422 3533 navi
447 3469 566 3532 defixit
589 3468 715 3543 oculos,
739 3469 830 3531 idem
850 3470 1001 3532 omnium
1021 3470 1176 3552 gemitus,
1199 3489 1308 3551 neque
1330 3469 1549 3533 discerneres

345 3589 519 3671 proximos
542 3588 680 3663 alienos,
705 3588 854 3651 virorum
879 3587 1147 3670 feminarumque
1171 3588 1329 3670 planctus
1354 3586 1428 3650 ...”

390 3708 564 3772 Hactenus
582 3708 697 3771 omnia
714 3707 908 3790 planissima
926 3716 1018 3770 sunt:
1039 3709 1185 3791 proximi
1203 3708 1285 3771 alias
1302 3708 1409 3790 magis
1421 3707 1547 3790 lugere

345 3837 515 3892 mortuum
543 3828 654 3891 solent
683 3847 785 3909 quam
814 3826 924 3901 alieni,
950 3836 985 3889 et
1009 3825 1169 3910 plangere
1193 3828 1333 3890 omnino
1358 3826 1548 3892 mulierum

345 3949 452 4030 magis
482 3957 534 4011 est
565 3968 667 4030 quam
699 3947 858 4010 virorum.
890 3945 959 4010 Sed
990 3966 1078 4010 nunc
1108 3947 1230 4030 insigni
1259 3946 1427 4010 brevitate
1452 3947 1548 4013 haec

344 4067 532 4130 adduntur:

394 4187 475 4267 „nisi
506 4185 598 4267 quod
629 4187 829 4250 comitatum
859 4185 1071 4271 Agrippinae
1104 4188 1206 4270 longo
1233 4206 1384 4251 maerore
1409 4185 1548 4254 fessum

346 4306 439 4369 obvii
464 4315 498 4368 et
522 4315 675 4368 recentes
700 4305 732 4369 in
758 4307 876 4370 dolore
898 4307 1108 4370 anteibant'’.

392 4423 522 4505 Quibus
557 4444 624 4487 non
660 4427 882 4508 respiciuntur
918 4428 1073 4508 proxime
1106 4427 1345 4509 praecedentia
1376 4427 1551 4508 (virorum
