3266 5238
668 405 727 472 ¹47

108 567 261 649 prolatae,
297 567 382 632 aliae
418 569 588 632 indicatae
623 577 711 644 sunt,
746 569 912 634 eiusmodi
944 569 1047 632 etiam
1078 568 1205 630 addere
1236 587 1289 628 su·

107 687 275 768 spiciones,
300 687 401 770 longe
424 688 612 764 arcessitus,
635 696 754 770 aperta
777 709 854 752 cum
879 689 1162 771 praecedentibus
1182 686 1292 750 fronte

86 814 300 898 pugnantes,
331 806 377 870 ab
408 808 481 889 ipsa
513 807 735 871 abhorrentes
765 806 914 872 humana
937 808 1062 900 indole,
1088 828 1155 871 non
1180 805 1292 888 gravis

106 932 201 1006 atque
221 925 352 988 veracis
370 934 422 989 est
442 926 593 988 historici
612 927 672 989 sed
694 926 880 990 maledicae
901 925 1127 992 mulierculae.
1150 925 1203 988 En
1224 945 1293 1007 quo

106 1051 137 1105 te
159 1043 268 1108 ducat·
284 1045 374 1108 istud
398 1045 526 1108 Tiberii
549 1065 627 1108 cum
652 1045 850 1109 Domitiano
874 1045 1081 1122 conserendi,
1105 1045 1159 1108 vel
1181 1045 1293 1129 potius

106 1163 343 1240 confundendi,
367 1165 535 1228 studium!

146 1282 238 1360 Ano,
267 1284 311 1360 11,
342 1285 393 1366 38.
426 1284 559 1350 Marcus
591 1285 763 1362 Hortalus,
795 1286 938 1349 oratoris
970 1285 1143 1348 Hortensii
1176 1305 1292 1368 nepos,

105 1413 203 1486 atque
235 1406 376 1469 omnino
407 1426 515 1488 nepos
545 1406 771 1488 (agnoscimus
803 1406 893 1468 enim
925 1425 968 1468 ex
998 1413 1072 1468 tota
1103 1405 1294 1467 narratione

106 1523 275 1587 hominem
311 1544 469 1606 nequam,
505 1524 562 1606 qui
594 1526 711 1608 inepta
742 1525 873 1588 luxuria
904 1525 1145 1606 patrimonium
1177 1523 1296 1606 dilapi-

105 1643 214 1726 darit),
241 1663 449 1726 quamquam
473 1643 578 1707 semel
603 1644 670 1706 iam
694 1644 815 1726 insigni
839 1643 1042 1707 liberalitate
1065 1644 1213 1726 Augusti
1238 1644 1297 1706 ad·

105 1763 190 1826 iutus
215 1771 276 1838 est,
301 1770 483 1845 postquam
508 1764 681 1845 ingentem
701 1783 837 1844 quoque
858 1761 949 1826 illam
970 1764 1149 1845 pecuniam
1171 1763 1296 1846 (decies

104 1879 211 1945 fuerat
241 1882 446 1965 sestertium)
479 1883 604 1945 insanis
631 1881 781 1964 proludit
805 1883 1006 1964 sumptibus,
1032 1882 1153 1944 iterum
1180 1891 1296 1964 petere

104 2010 140 2063 ut
170 2001 235 2064 sibi
267 2021 311 2064 ex
342 2001 472 2065 aerario
503 2001 724 2064 subveniatur
748 2021 815 2065 non
841 2011 991 2079 veretur;
1017 2001 1228 2065 lacrimosam
1253 2003 1297 2065 ad

104 2129 258 2184 senatum
290 2120 395 2184 habet
417 2122 608 2185 orationem
632 2130 667 2184 et
691 2118 733 2184 rol
758 2117 909 2197 παιδάρια
934 2119 1069 2184 ἀνέλκει.
1098 2122 1299 2204 Respondet

105 2241 234 2304 homini
267 2240 423 2304 Tiberius
447 2241 600 2305 oratione
625 2241 725 2324 plena
750 2243 961 2325 prudentiae,
985 2242 1087 2325 plena
1113 2243 1300 2325 dignitatis,

105 2361 137 2422 in
163 2380 231 2443 qua
255 2335 370 2423 omnia
395 2369 472 2424 sunt
497 2362 643 2444 egregia,
667 2360 751 2424 haec
775 2369 890 2425 tamen
915 2361 969 2425 vel
994 2362 1299 2444 praestantissima:

153 2479 252 2559 ,Non
277 2501 395 2562 preces
419 2490 497 2544 sunt
520 2481 620 2556 istud,
645 2481 704 2544 sed
730 2481 938 2563 efflagitatio,
964 2481 1204 2564 intempestiva
1228 2480 1301 2562 qui·

105 2600 185 2662 dem
218 2608 252 2663 et
283 2601 476 2683 improvisa,
509 2620 586 2664 cum
617 2600 689 2663 aliis
722 2601 764 2663 de
795 2601 896 2663 rebus
927 2599 1149 2663 con'venerint
1176 2607 1301 2682 patres,

105 2738 309 2802 consurgere
341 2728 376 2782 et
407 2739 548 2783 numero
579 2728 681 2802 atque
713 2729 826 2784 aetate
854 2720 998 2783 liberum
1022 2738 1158 2782 suorum
1182 2737 1301 2800 urgere

107 2840 311 2902 modestiam
335 2846 481 2914 senatus,
507 2841 651 2903 eandem
677 2841 743 2903 vim
769 2839 803 2903 in
825 2860 879 2902 me
899 2839 1128 2902 transmittere
1149 2858 1188 2902 ac
1209 2838 1302 2901 velut

106 2956 316 3039 perfringere
348 2958 524 3034 aerarium,
556 2960 648 3040 quod
680 2959 708 3021 si
738 2958 926 3026 ambitione
953 2958 1216 3034 exhauserimuS‚
1241 2978 1302 3040 per

106 3075 218 3139 scelus
248 3076 456 3160 explendum
489 3079 562 3140 erit.
595 3077 810 3159 Languescet
837 3077 963 3160 alioqui
988 3078 1168 3154 industria;
1195 3079 1305 3142 inten-

107 3197 210 3259 detur
240 3197 406 3272 socordia,
438 3197 466 3258 si
497 3196 607 3260 nullus
637 3197 692 3279 (an
719 3197 840 3278 nullir‘)
864 3219 908 3261 ex
931 3219 967 3262 se
993 3207 1102 3262 metus
1125 3207 1184 3262 aut
1208 3219 1304 3282 spes3

107 3323 144 3378 et
179 3316 287 3378 securi
322 3335 441 3379 omnes
474 3315 585 3381 aliena
619 3318 769 3380 subsidia
804 3319 1048 3400 expectabunt,
1084 3318 1147 3380 sibi
1181 3318 1306 3399 ignavi,

108 3435 211 3498 nobis
234 3435 388 3517 graves'’

153 3553 240 3636 Quis
264 3573 413 3636 unquam
438 3555 596 3638 princeps
620 3556 738 3619 melius
759 3556 893 3619 obstitit
914 3556 1129 3637 indignorum
1150 3553 1307 3635 precibus

107 3673 378 3757 impudentibus,
400 3675 475 3756 quis
498 3695 557 3738 eos
582 3676 753 3759 redarguit
777 3676 930 3739 oratione
955 3693 1016 3756 pro
1039 3693 1076 3736 se
1100 3671 1307 3747 honestiore,

107 3815 175 3878 pro
208 3793 382 3876 republica
413 3793 568 3858 utiliore?
599 3794 690 3878 Quid
723 3816 805 3878 ergo
836 3794 1006 3859 attinebat
1037 3793 1195 3856 acerbam
1219 3792 1307 3856 hanc

108 3915 334 3998 praemittere
359 3915 693 3998 interpretationem:

160 4033 361 4116 ,inclinatio
385 4044 522 4098 senatus
547 4036 805 4099 incitamentum
830 4033 968 4097 Tiberio
988 4031 1060 4107 luit,
1081 4052 1149 4113 quo
1170 4051 1306 4114 promp-

107 4155 180 4218 tius
199 4155 445 4229 adversaretur,
465 4153 518 4216 his
538 4154 651 4217 verbis
671 4151 785 4216 usus”?
805 4152 921 4217 Habet
937 4151 1091 4234 prolecto
1104 4152 1176 4232 ipsa
1189 4151 1309 4225 orati0‚

107 4295 183 4358 quo
215 4293 251 4336 se
282 4273 445 4338 defendat
475 4277 778 4356 commendetque;
812 4275 872 4338 sed
903 4273 929 4335 si
957 4292 1072 4335 verum
1104 4279 1194 4334 esset
1217 4270 1309 4352 quod

110 4395 238 4460 infesto
259 4393 398 4457 Tacitus
418 4393 516 4476 fingit
535 4395 659 4469 animo,
680 4394 708 4456 si
728 4393 883 4457 Tiberius
903 4391 981 4454 ideo
1003 4388 1135 4451 Hortali
1156 4389 1312 4471 precibus
