3248 5230
875 412 939 476 280
1022 477 1027 486 ,

306 611 347 654 ea
368 591 549 674 significari
574 590 758 675 putemus?
790 593 841 656 At
863 601 936 656 tota
958 594 1042 657 haec
1067 592 1266 656 deliberatio
1290 592 1413 655 ducum
1437 599 1502 667 est,

307 731 375 774 non
407 713 564 788 universi,
597 722 634 776 ut
665 713 798 795 opinor,
824 714 1002 777 exercitus.
1027 713 1156 776 Verum
1180 713 1255 794 lege
1278 713 1360 795 ipsa,
1385 712 1502 774 omnia

305 850 387 894 sana
419 833 619 914 integraque
651 841 766 896 erunt:
799 840 873 895 tum
904 833 994 896 enim
1024 833 1096 914 ipsa
1120 833 1222 916 regio,
1248 833 1267 894 i.
1293 851 1321 893 e.
1347 831 1440 912 regio
1463 831 1500 892 in

306 969 374 1030 qua
404 970 481 1012 cum
515 951 662 1014 maxime
693 953 824 1022 sedent.
856 960 1049 1036 opponetur
1078 952 1196 1015 Italiae
1219 959 1254 1014 et
1277 950 1501 1033 Appennino,

306 1068 363 1131 ubi
387 1070 544 1151 graviora
567 1072 670 1134 etiam
694 1071 759 1134 sibi
784 1071 982 1154 impendere
1007 1070 1156 1154 pericula
1179 1071 1400 1153 suspicantur.

352 1307 396 1370 H.
421 1308 482 1384 III,
509 1309 559 1390 56.
594 1310 739 1374 Romam
769 1313 948 1375 revertitur
971 1311 1140 1387 Vitellius,
1165 1310 1208 1374 de
1232 1331 1292 1373 sua
1315 1329 1416 1373 causa
1440 1310 1501 1371 de·

305 1447 455 1508 sperans,
484 1429 661 1512 otioseque
686 1429 732 1493 ibi
757 1431 899 1506 desidet,
924 1451 1001 1494 cum
1025 1440 1140 1494 tamen
1165 1430 1358 1513 peritissimi
1382 1435 1501 1491 centu·

306 1547 438 1610 rionum
469 1547 602 1611 sortiter
632 1549 768 1631 agendo
792 1558 902 1613 totam
927 1569 997 1612 rem
1022 1550 1152 1613 restitui
1178 1569 1276 1632 posse
1301 1547 1499 1620 clamarent,

307 1667 410 1748 idque
434 1668 537 1731 etiam
561 1669 671 1751 ipsum
696 1668 872 1732 Vitellium
897 1671 1021 1732 docere
1044 1670 1224 1751 gestirent:

350 1786 502 1850 Arcuere
523 1809 582 1850 eos
604 1789 715 1852 intimi
734 1789 921 1852 amicorum
942 1787 1083 1864 Vitellii,
1104 1787 1151 1851 ita
1173 1786 1325 1852 formatis
1338 1785 1503 1870 principis

307 1908 443 1971 auribus
474 1916 511 1970 ut
541 1929 671 1991 aspera,
695 1929 782 1990 quae
806 1908 911 1984 utilia,
936 1910 1204 1991 necquicquam
1229 1907 1291 1971 nisi
1314 1907 1502 1969 iucundum

308 2034 343 2090 et
366 2027 534 2090 laesurum
558 2027 761 2111 acciperet.”

353 2146 418 2208 Pro
440 2156 570 2227 aspera,
595 2148 688 2228 quod
711 2147 802 2210 haud
827 2147 930 2210 dubie
951 2154 1147 2231 corruptum
1169 2145 1263 2229 (nihil
1284 2146 1375 2208 enim
1393 2144 1503 2207 habet

308 2285 378 2346 quo
400 2264 586 2348 referatur),
607 2265 708 2348 vulgo
728 2266 889 2348 recipitur
909 2266 1169 2348 Bipontinorum
1189 2265 1355 2329 correctio
1371 2256 1502 2347 aspere.

308 2384 358 2447 At
390 2404 479 2448 nunc
510 2385 544 2447 in
575 2383 683 2448 altero
714 2386 904 2447 sententiae
936 2384 1108 2448 membro:
1143 2403 1225 2464 „nec
1248 2385 1430 2465 quicquam
1454 2419 1502 2429 -

308 2501 501 2587 acciperet”
526 2511 640 2566 mente
664 2503 772 2578 nobis,
798 2503 832 2565 id
856 2504 949 2584 quod
973 2503 1160 2566 admodum
1185 2503 1316 2578 durum,
1340 2502 1503 2586 supplen-

308 2623 389 2685 dum
424 2631 476 2686 est
509 2623 655 2686 lubenter
689 2623 825 2686 aliudve
859 2623 1060 2686 adverbium
1095 2625 1129 2687 in
1165 2624 1252 2687 hanc
1283 2623 1503 2686 sententiam.

309 2742 505 2805 Lacunosus
529 2741 623 2806 locus
646 2750 709 2818 est,
733 2741 792 2804 sed
815 2761 943 2824 paucae
963 2751 1096 2806 tanturn
1117 2742 1317 2806 exciderunt
1336 2742 1505 2806 literulae.

308 2858 450 2943 Scripsit
463 2862 553 2924 enim
566 2861 723 2924 Tacitus:
748 2869 803 2940 „ut
814 2870 1055 2942 aspernaretur
1067 2882 1155 2943 quae
1168 2861 1284 2924 utilia”
1300 2861 1333 2944 ¹).
1355 2862 1504 2944 Egregie

308 2980 395 3042 inter
419 2999 454 3042 se
478 2980 681 3062 aspernandi
702 2987 738 3042 et
760 2980 941 3063 accipiendi
963 2982 1068 3044 verba
1091 2990 1321 3065 opponuntur.

353 3217 397 3281 H.
421 3218 482 3293 ΙΙΙ,
507 3219 560 3282 61.
586 3219 770 3301 Postquam
794 3221 942 3283 narravit
966 3221 1009 3284 de
1030 3221 1199 3304 praesidio
1218 3221 1368 3304 quodam
1390 3221 1503 3285 Vitel·

307 3335 408 3410 liano,
440 3339 532 3418 quod
564 3339 707 3420 turpiter
738 3359 773 3401 se
805 3339 959 3402 hostibus
990 3341 1132 3415 dedidit,
1165 3342 1208 3403 de
1236 3340 1502 3405 Vitellianorum

307 3455 452 3518 militum
478 3457 627 3521 moribus
651 3457 684 3519 in
709 3457 901 3521 universum
926 3460 974 3520 sic
998 3460 1150 3541 disputat
1173 3459 1329 3523 Tacitus:

355 3576 448 3656 „Nec
478 3579 569 3661 apud
595 3576 797 3641 Vitellianos
822 3576 940 3659 flagitii
964 3599 1086 3660 poena,
1110 3588 1145 3642 et
1168 3582 1326 3663 praemiis
1348 3579 1503 3648 defecto·

307 3715 380 3758 rum
405 3696 510 3760 verba
533 3695 649 3760 fides.”

352 3813 417 3876 Pro
441 3814 588 3878 absurdo
611 3816 713 3880 verba
747 3815 1000 3880 Freinshemius
1031 3816 1113 3880 olim
1144 3840 1243 3883 versa
1272 3818 1365 3901 legit,
1395 3825 1505 3900 atque

345 4085 371 4150 1)
390 4085 462 4135 Idem
483 4094 542 4150 post
560 4101 610 4150 me,
629 4103 715 4152 neque
735 4095 821 4138 tumen
840 4105 856 4138 a
872 4105 914 4139 me
932 4089 1090 4154 admonitus,
1108 4089 1209 4138 invenit
1228 4096 1255 4139 et
1274 4090 1302 4138 in
1322 4089 1440 4139 thesibus
1457 4091 1506 4141 ad·

307 4171 402 4220 iunctis
428 4172 603 4221 dissertationi
628 4173 658 4221 de
685 4175 756 4221 ludis
780 4175 924 4224 Eleusiniis
948 4176 1047 4242 publici
1072 4176 1135 4225 iuris
1160 4175 1221 4224 lecit
1245 4191 1268 4225 v.
1288 4177 1313 4225 d.
1334 4178 1366 4225 A.
1386 4177 1504 4240 Rutgers

308 4273 357 4306 van
382 4256 428 4306 der
453 4257 535 4306 Loeff.
561 4257 659 4306 Eadem
685 4275 724 4308 res
749 4276 797 4309 usu
816 4262 888 4312 venit
905 4263 1062 4313 coniecturis
1082 4263 1224 4327 propositis
1243 4261 1276 4311 nd
1296 4263 1330 4311 H.
1352 4263 1451 4328 111,63
1472 4264 1501 4330 (e

306 4343 457 4392 victricibus
482 4341 631 4406 legionibus
656 4345 787 4412 cohortes)
812 4349 837 4395 el
862 4346 896 4395 ad
918 4349 953 4397 H.
975 4348 1011 4414 11,
1028 4359 1060 4410 74
1080 4346 1257 4413 (progressum
1280 4355 1357 4413 prout
1373 4347 1457 4398 velint
1474 4357 1502 4400 et

306 4427 366 4492 plus
385 4427 523 4494 minusve).
