3258 5240
885 386 926 453 50

304 552 359 615 hic
382 551 476 614 locus
498 552 635 614 tractari
660 559 785 633 potest,
809 551 868 633 qui
893 550 1015 632 legitur
1036 550 1080 612 H.
1102 548 1146 623 11,
1167 548 1220 631 76,
1242 567 1321 611 nam
1343 546 1398 610 ille
1418 567 1504 628 quo·

305 692 372 753 que
404 670 488 734 vitio
516 671 660 745 laborat,
685 671 745 734 sed
770 671 860 762 vitio¹
878 670 970 752 quod
995 669 1166 751 loquentis
1192 647 1341 729 mentem
1366 665 1504 748 egregie

305 790 439 854 referat.
465 789 513 854 Ut
537 790 677 853 tandem
701 790 885 873 aliquando
909 789 1089 872 imperium
1112 786 1176 850 sibi
1197 786 1274 850 fatis
1295 786 1505 848 destinatum

305 910 452 993 accipiat
473 908 721 992 Vespasianum
743 919 860 973 monet
882 909 1068 974 Mucianus.
1094 907 1202 988 ,Satis
1223 905 1302 969 diu”
1323 907 1371 969 ait
1392 905 1506 986 ,quie-

305 1031 383 1092 visti
407 1039 442 1092 et
466 1031 682 1113 exspectasti,
708 1050 796 1093 nunc
821 1030 982 1093 audacter
1006 1029 1177 1110 agendum
1201 1025 1285 1090 est'’.
1312 1025 1406 1089 Haec
1431 1027 1507 1108 ipsa

306 1158 384 1213 sunt
407 1150 522 1224 verba,
547 1149 771 1231 quibuscum
796 1157 950 1212 utentem
974 1147 1055 1211 facit
1078 1147 1235 1210 Tacitus:

355 1269 525 1353 ,Torpere
550 1268 636 1332 ultra
661 1278 695 1332 et
716 1268 935 1353 polluendam
958 1267 1236 1350 perdendamque
1257 1263 1506 1347 rempublicam

308 1386 507 1469 relinquere,
528 1407 646 1471 ,sopor
681 1397 716 1450 et
751 1388 886 1469 ignavia
917 1387 1099 1461 videretur,
1133 1385 1265 1449 etiamsi
1296 1384 1369 1460 tibi,
1402 1404 1508 1466 quam

307 1508 499 1583 inhonesta,
522 1516 593 1571 tarn
617 1515 692 1570 tuta
715 1509 859 1570 servitus
883 1515 982 1570 esset.
1007 1505 1106 1569 Abiit
1130 1505 1197 1568 iam
1217 1513 1253 1568 et
1273 1512 1509 1568 transvectum

308 1637 360 1690 est
388 1635 534 1710 tempus,
559 1646 627 1709 quo
652 1647 769 1711 posses
793 1627 900 1691 videri
923 1627 1141 1708 concupisse:
1166 1623 1431 1707 confugiendum
1456 1632 1512 1686 est

312 1747 354 1809 ad
380 1745 593 1830 imperium”.

363 1866 428 1929 Hic
463 1867 609 1949 primum
644 1866 870 1949 reputandum
907 1873 957 1928 est
993 1866 1139 1928 eundem
1177 1865 1371 1928 Mucianum
1406 1863 1513 1945 paulo

289 1973 293 1980 ’
316 1993 396 2048 ante
421 1986 560 2048 dixisse:
589 2006 627 2065 ,a
647 1984 852 2049 contumelia
872 2005 975 2067 quam
995 2006 1014 2047 a
1033 1984 1133 2049 laude
1154 1985 1292 2066 propius
1312 1982 1411 2046 suerit
1432 1991 1513 2065 post

317 2103 493 2167 Vitellium
529 2103 641 2186 eligi”,
677 2105 801 2166 deinde
836 2105 1056 2186 cogitandum
1092 2105 1135 2167 de
1171 2102 1343 2186 praeclara
1378 2103 1512 2165 Lucani

313 2225 499 2287 sententia:
525 2224 586 2303 ,ad
608 2223 733 2286 bellum
754 2221 912 2305 sugitur”.
933 2221 1024 2304 Quid
1046 2243 1126 2304 ergo
1150 2223 1308 2286 Muciano
1325 2221 1512 2284 dicendum

317 2352 379 2418 est,
411 2345 438 2406 si
466 2351 622 2406 accurate
647 2342 738 2424 loqui
764 2341 857 2406 vult?
882 2342 1033 2425 Nempe:
1062 2362 1150 2423 ,non
1173 2343 1240 2405 iam
1263 2350 1359 2424 grata
1383 2361 1435 2403 res
1459 2350 1514 2404 est

316 2463 506 2545 imperium,
531 2482 633 2544 quarn
659 2464 733 2544 quis
756 2463 819 2524 sibi
844 2471 985 2544 expetat
993 2489 1001 2538 ;
1027 2463 1087 2524 sed
1110 2470 1224 2524 actum
1249 2462 1292 2524 de
1315 2469 1350 2524 te
1372 2469 1426 2523 est
1446 2461 1511 2523 nisi

316 2582 361 2644 ab
385 2581 528 2665 imperio
551 2581 695 2645 salutem
718 2580 827 2664 petis”
851 2582 872 2644 i.
897 2603 926 2644 e.
951 2582 1043 2646 hisce
1066 2581 1097 2645 ei
1121 2590 1174 2645 est
1197 2582 1361 2644 utendum
1382 2581 1512 2643 verbis:

321 2701 423 2783 ,abiit
455 2703 522 2764 iam
554 2710 590 2764 et
617 2710 847 2765 transvectum
871 2710 923 2764 est
945 2710 1090 2784 tempus
1116 2722 1184 2783 quo
1209 2720 1327 2785 posses
1349 2701 1514 2783 concupis·

318 2842 399 2896 cere,
427 2820 692 2904 confugiendum
715 2830 766 2885 est
790 2822 834 2885 ad
858 2819 1070 2905 imperium”.
1095 2820 1164 2885 Sed
1188 2820 1336 2884 affectati
1361 2841 1514 2902 unquam

319 2941 451 3024 imperii
476 2940 723 3024 Vespasianum
749 2941 941 3004 insimulare
964 2942 1065 3004 anxie
1088 2949 1200 3017 cavet:
1227 2943 1320 3023 atqui
1345 2942 1378 3004 in
1400 2942 1515 3004 verbis

311 3073 424 3144 posses
453 3063 675 3145 concupiscere
702 3063 789 3124 inest
813 3061 1067 3143 quodammodo
1091 3061 1257 3124 eiusmodi
1283 3060 1513 3145 reprehensi0,

317 3189 408 3243 certe
441 3180 550 3243 inesse
575 3201 650 3244 eam
674 3181 833 3263 suspicax
856 3181 959 3243 homo
983 3181 1122 3244 eredere
1147 3181 1263 3264 possit.
1289 3181 1364 3243 Hoc
1389 3183 1512 3245 metuit

318 3299 504 3375 Mucianus,
536 3299 615 3362 hinc
647 3301 867 3383 praeteritum
898 3300 980 3363 illud
1004 3302 1196 3384 concupisse,
1222 3300 1309 3376 hinc,
1334 3301 1426 3383 quod
1451 3302 1513 3364 ad·

318 3419 419 3494 ditur,
442 3419 563 3482 videri.

362 3538 533 3602 Pollianae
563 3547 745 3620 cognatam
771 3540 1044 3604 observationem
1069 3540 1209 3624 protulit
1232 3539 1419 3603 Pfitznerus
1442 3539 1510 3615 ille,

315 3658 372 3740 qui
394 3658 461 3720 iarn
484 3656 559 3740 plus
578 3658 697 3720 decem
717 3658 822 3722 lustra
839 3659 1049 3722 utilissimam
1061 3660 1184 3723 Tacito
1197 3668 1300 3722 navat
1313 3679 1461 3741 operam.
1477 3659 1511 3722 ls

317 3781 408 3842 enim
428 3798 535 3861 nuper
555 3779 662 3843 diario
676 3800 703 3842 c.
718 3789 741 3843 t.
756 3771 949 3843 Zeitschrift
961 3780 982 3843 f.
997 3781 1029 3844 d.
1044 3780 1138 3845 Oest.
1153 3780 1277 3862 Gymn.
1292 3779 1348 3862 (A.
1363 3793 1510 3844 MDcccc

316 3900 395 3961 inde
415 3919 435 3961 a
457 3920 489 3981 p.
502 3899 579 3981 673)
601 3900 830 3963 doctissimam
853 3900 1067 3963 inserendam
1088 3901 1218 3963 curavit
1232 3900 1510 3982 disputationem,

315 4039 382 4100 qua
406 4028 440 4081 et
464 4018 530 4081 alia
553 4019 677 4081 docere
701 4021 815 4082 studet
839 4030 874 4084 et
896 4021 1054 4084 Tacitum
1079 4021 1251 4083 interdum
1272 4019 1325 4083 vel
1346 4021 1512 4082 sermonis

315 4139 416 4213 vitiis,
449 4136 503 4200 vel
535 4137 618 4199 mira
650 4147 684 4201 et
716 4140 850 4203 insolita
880 4142 1044 4214 oratione,
1068 4139 1121 4202 vel
1146 4140 1249 4202 etiam
1274 4140 1442 4203 erroribus
1464 4140 1512 4202 ad

316 4259 490 4322 historiam
526 4258 774 4339 pertinentibus
808 4261 941 4324 illorum
974 4259 1135 4341 loquendi
1167 4279 1273 4341 genus
1305 4269 1424 4322 notare
1456 4258 1514 4322 vel

316 4377 541 4460 perstringere
573 4397 659 4458 quos
690 4378 723 4441 in
755 4400 891 4443 scenam
919 4380 1060 4443 inducit.
1086 4378 1226 4442 Minime
1252 4379 1444 4462 spernenda
1468 4399 1513 4443 ea
