3266 5238
900 426 960 472 112

328 588 435 651 videri
470 607 546 651 eum
581 588 721 652 Tacitus
755 589 864 671 cupit.
901 587 992 670 Quid
1022 585 1135 652 enimi
1167 586 1345 650 Admonet
1370 589 1529 669 famosos

325 709 461 790 probris
479 720 646 772 senatores
665 719 702 772 ut
726 709 963 790 „missionem”
984 716 1104 792 petant
1127 707 1359 788 ,honestam”,
1372 727 1476 789 seque
1489 707 1526 768 in

328 849 368 891 ea
401 829 514 892 danda
541 850 607 892 non
632 829 741 892 solum
766 829 899 893 facilem
924 828 995 892 lore
1020 829 1189 912 promittit
1213 828 1273 890 sed
1298 826 1402 890 etiam
1424 825 1526 889 eflec-

329 955 441 1011 turum
478 969 519 1012 ne
555 950 734 1032 quisquam
771 951 957 1032 quidquam
992 951 1035 1012 de
1068 949 1200 1032 probris
1231 946 1295 1010 illis
1325 947 1527 1029 suspicetur,

330 1066 437 1131 Simul
462 1069 553 1131 enim
577 1077 613 1131 et
635 1089 752 1132 eorum
777 1070 835 1152 qui
858 1069 1025 1148 honesram
1049 1067 1141 1131 illam
1165 1067 1376 1132 obtinuerint
1397 1065 1528 1128 missio-

331 1208 409 1251 nem
441 1197 476 1250 et
507 1209 624 1252 eorum
656 1191 713 1271 qui
745 1189 835 1272 (cum
866 1208 998 1252 summa
1024 1189 1181 1252 nimirum
1206 1188 1405 1270 ignominia)
1430 1187 1528 1249 inviti

329 1331 350 1374 a
381 1310 577 1373 censoribus
607 1319 726 1373 senatu
760 1311 842 1373 moti
874 1311 941 1373 sint
970 1331 1005 1373 se
1030 1310 1282 1393 propositurum
1308 1309 1456 1382 nomina,
1480 1307 1530 1368 ita

331 1437 367 1493 ut
394 1431 523 1513 ,pudor
546 1439 669 1512 sponte
693 1429 887 1492 cedentium
908 1438 943 1492 et
966 1429 1127 1493 iudiciurn
1154 1448 1332 1492 censorum
1356 1427 1529 1510 permixta

329 1549 551 1631 ignominiam
577 1548 762 1612 molliant”.
788 1549 848 1624 At,
872 1569 1009 1632 quaeso,
1035 1549 1118 1612 utris
1142 1547 1224 1610 illud
1247 1547 1425 1610 consilium
1450 1566 1529 1629 pro·

330 1669 479 1732 futurum
506 1667 578 1731 est?
602 1668 701 1732 Certe
726 1688 794 1731 non
818 1669 859 1730 iis
883 1669 940 1751 qui
965 1669 1143 1731 honestam
1167 1675 1373 1751 acceperunt
1397 1667 1528 1730 missio·

332 1807 427 1850 nem:
449 1787 531 1850 nihil
552 1787 642 1850 enim
662 1787 814 1850 obstabit
832 1788 1013 1869 quominus
1033 1795 1068 1850 et
1089 1787 1151 1870 ipsi
1173 1795 1332 1870 putentur
1348 1807 1368 1849 a
1384 1805 1528 1849 censore

331 1916 450 1970 senatu
475 1907 569 1969 moti.
594 1907 753 1970 Fortasse
777 1915 874 1988 grata
896 1927 949 1970 res
971 1907 1011 1969 iis
1030 1907 1173 1982 accidet,
1195 1907 1251 1989 qui
1273 1926 1390 1968 revera
1408 1926 1429 1968 a
1449 1926 1529 1968 cen·

331 2045 407 2089 sore
432 2027 515 2089 moti
538 2033 618 2089 sunt
641 2034 778 2102 senatu;
805 2027 895 2089 haud
920 2028 1018 2109 pauci
1044 2027 1135 2090 enim
1160 2026 1292 2089 illorum
1317 2026 1530 2108 putabuntur

332 2144 512 2208 honestam
533 2145 729 2208 missionem
748 2146 930 2228 accepisse,
948 2166 1035 2228 quae
1051 2145 1140 2209 lama
1156 2146 1286 2228 aliquot
1298 2146 1395 2208 annis
1408 2152 1531 2228 postea

333 2263 424 2328 haud
457 2263 560 2327 dubie
592 2285 798 2348 magnopere
830 2266 870 2328 iis
901 2267 1070 2348 proderit:
1095 2275 1168 2329 tum
1192 2266 1283 2329 enim
1309 2265 1405 2329 obliti
1428 2273 1530 2328 erunt

334 2383 491 2446 homines
514 2384 595 2447 olim
620 2385 773 2448 evenisse
797 2393 834 2447 ut
857 2393 892 2447 et
915 2385 955 2448 iis
978 2384 1123 2449 honesta
1146 2386 1260 2448 missio
1285 2385 1531 2449 concederetur

334 2503 392 2585 qui
410 2503 545 2588 probris
560 2506 694 2587 famosi
716 2513 839 2567 essent.

379 2623 502 2686 Eidem
533 2622 675 2687 Claudio
705 2632 741 2686 et
771 2624 862 2687 aliud
895 2625 1097 2690 adscribitur
1123 2626 1300 2689 consilium
1325 2645 1393 2690 non
1418 2625 1530 2688 minus

332 2743 522 2806 inauditum
546 2751 651 2824 atque
675 2742 858 2806 absurdum
884 2743 963 2818 XII,
990 2759 1045 2826 53:

382 2861 503 2943 ,refert
525 2862 568 2925 ad
594 2870 707 2945 patres
730 2865 773 2926 de
794 2883 906 2946 poena
925 2863 1136 2941 seminarum,
1157 2886 1244 2948 quae
1264 2867 1369 2930 servis
1388 2866 1529 2928 coniun-

335 2991 511 3064 gerentur,
538 2983 774 3065 statuiturque,
799 2991 837 3046 ut
860 2985 979 3066 ignaro
1001 2986 1142 3049 domino
1165 2987 1209 3049 ad
1233 2987 1268 3049 id
1292 2986 1470 3070 prolapsae
1495 2987 1530 3050 in

336 3101 509 3176 servitute,
533 3103 584 3164 sin
609 3104 869 3179 consensissent,
895 3124 957 3187 pro
981 3104 1111 3168 libertis
1133 3105 1372 3170 haberentur”.

381 3221 534 3283 Auctore
572 3241 653 3303 ergo
690 3222 813 3285 Tacito
847 3223 1008 3287 Claudius
1041 3225 1090 3288 ad
1119 3227 1327 3290 coercendam
1361 3226 1530 3290 libidinem

337 3340 639 3425 impudicitiamque
669 3339 751 3404 risu
784 3347 903 3417 σεμνῶς
931 3365 1077 3426 poenam
1101 3348 1220 3409 statuit
1244 3346 1411 3422 facinoris,
1434 3349 1530 3430 quod

337 3461 541 3523 rarissimum
565 3470 637 3523 erat
661 3463 694 3525 in
718 3463 867 3539 civitate,
888 3466 1060 3546 quodque,
1079 3465 1107 3527 si
1127 3467 1194 3529 iam
1214 3466 1318 3530 semel
1338 3467 1532 3550 iterumque

336 3581 436 3644 certis
478 3581 681 3645 testimoniis
723 3583 923 3667 indiciisque
965 3586 1295 3669 deprehendebatur,
1332 3597 1447 3651 tamen
1481 3589 1533 3652 ita

337 3699 439 3783 plecti
464 3701 522 3764 vix
545 3710 580 3764 et
604 3723 646 3764 ne
670 3703 728 3766 vix
752 3703 890 3785 quidem
915 3714 1060 3787 poterat.
1085 3705 1142 3769 An
1167 3727 1316 3789 unquam
1340 3708 1531 3790 quidquam

337 3819 485 3883 innotuit
516 3821 558 3884 de
592 3822 772 3886 Messalina
800 3823 922 3906 aliqua,
947 3826 1091 3907 quaein
1116 3828 1315 3890 servitutem
1338 3827 1437 3891 alicui
1461 3829 1531 3891 civi

336 3939 380 4002 sit
400 3938 544 4002 tradita?
565 3941 654 4004 Nam
674 3943 894 4024 cogitandum
914 3943 969 4007 hic
989 3965 1062 4008 esse
1082 3947 1125 4008 de
1141 3946 1254 4030 aliqua
1271 3950 1533 4033 importunitate

338 4059 477 4141 diraque
496 4060 716 4141 impudicitia,
735 4083 823 4144 quae
842 4065 963 4127 cadere
982 4085 1051 4128 non
1065 4068 1172 4148 possit
1185 4068 1247 4130 nisi
1259 4069 1293 4131 in
1307 4061 1364 4132 eas
1376 4069 1534 4154 seminaS,

338 4197 422 4260 quas
453 4178 575 4240 nimius
608 4177 705 4242 luxus
735 4183 778 4244 ad
810 4184 956 4264 quodvis
987 4186 1136 4248 dedecus
1166 4188 1379 4271 compulerit,
1407 4201 1535 4273 sponte

304 4373 308 4382 Ι
338 4296 546 4378 intelligitur.
576 4297 648 4362 Nec
674 4300 784 4362 minus
807 4302 948 4366 ridicula
972 4313 1023 4366 est
1049 4305 1208 4370 Pallantis
1231 4310 1389 4390 gravitas,
1413 4311 1470 4391 qui
1497 4312 1534 4374 in

339 4416 404 4480 hoc
435 4419 727 4482 senatusconsulto
760 4425 949 4503 promendo
980 4426 1177 4507 magistrum
1209 4448 1306 4492 suum
1333 4431 1473 4493 adiuvat
1498 4441 1536 4495 et
