3266 5238
684 445 741 511 105

124 609 324 672 Flavianam
349 611 494 693 prodere
517 612 728 689 insimulant;
753 614 844 677 solus
867 614 1040 677 Antonius
1064 614 1137 696 ipse
1161 633 1317 696 praesen·

122 735 192 790 tem
216 726 327 791 abeo
351 729 536 811 perniciem
561 732 694 794 avertit.
720 731 908 815 Aliquanto
932 741 1027 815 post:

169 847 365 927 „Profectus
386 849 506 911 eadem
528 858 628 913 nocte
649 849 832 914 Flavianus
851 851 961 915 obviis
979 852 1180 934 Vespasiani
1198 851 1318 914 litteris

122 967 306 1030 discrimini
331 977 511 1051 exemptus
535 969 618 1032 est”.

165 1086 259 1169 Quid
290 1107 408 1151 revera
439 1087 568 1152 facturn
597 1091 640 1152 sit
671 1111 689 1153 e
720 1091 830 1154 Taciti
863 1089 974 1153 verbis
1004 1089 1062 1152 vix
1086 1089 1220 1164 efficias,
1245 1097 1315 1152 tarn

119 1207 271 1270 breviter
302 1217 337 1270 et
369 1209 511 1272 obscure
543 1209 707 1292 loquitur;
741 1210 823 1292 quid
851 1210 942 1272 enim
965 1218 1018 1273 est
1045 1208 1174 1290 „obviis
1196 1208 1317 1271 litteris

119 1327 306 1390 discrimini
329 1326 468 1392 eximi”?
493 1327 695 1392 Coniectura
719 1330 856 1392 demum
881 1329 914 1392 et
934 1347 1052 1392 eorum
1072 1328 1106 1391 et
1126 1329 1231 1391 totius
1250 1326 1316 1389 loci

118 1467 258 1510 sensum
292 1447 512 1530 assequimur.
547 1449 723 1512 Facundia
753 1469 813 1512 sua
843 1456 878 1511 et
909 1448 1112 1512 auctoritate
1144 1446 1316 1510 Antonius

119 1566 304 1630 furentium
341 1567 485 1631 militum
521 1568 676 1632 manibus
707 1569 830 1651 eripuit
862 1568 1073 1641 Flavianum,
1107 1575 1152 1642 et,
1183 1574 1221 1629 ut
1251 1585 1316 1648 ego

119 1688 254 1769 opinor,
286 1687 319 1750 in
350 1708 412 1750 suo
444 1688 660 1751 abscondidit
683 1688 913 1763 tabernaculo,
939 1689 1029 1751 unde
1053 1695 1154 1751 nocte
1179 1687 1316 1749 demum

119 1807 250 1889 prodiit
281 1806 336 1870 ille
368 1816 402 1869 et
434 1827 452 1870 e
483 1808 601 1871 castris
632 1807 791 1890 profugit.
824 1808 862 1870 In
895 1827 935 1870 ea
959 1806 1037 1890 luga
1061 1806 1199 1869 obviam
1223 1805 1317 1869 venit

120 1925 326 2008 Vespasiani
355 1927 481 1990 nuntiis
506 1927 719 2008 quibusdam,
744 1926 831 1990 forte
855 1929 898 1991 ad
922 1928 1032 2009 ipsum
1055 1927 1185 1990 litteras
1209 1925 1316 1989 feren·

119 2045 223 2120 tibus,
255 2046 377 2127 quibus
409 2046 557 2110 munitus
588 2047 656 2109 iarn
683 2047 717 2109 in
745 2055 855 2109 castra
879 2047 988 2109 redire
1012 2054 1047 2108 et
1070 2046 1142 2109 sine
1167 2045 1316 2128 periculo

119 2165 165 2227 ibi
200 2185 338 2228 manere
369 2173 500 2247 potest:
532 2175 770 2248 argumentum
800 2167 891 2229 enim
914 2186 1031 2230 earum
1047 2167 1220 2259 ¹eiusmodi
1245 2175 1317 2229 erat

121 2294 158 2347 ut
190 2285 257 2348 illis
287 2286 449 2369 inspectis
480 2305 522 2348 ne
553 2284 737 2350 turbulenti
770 2287 908 2368 quidem
934 2286 990 2360 illi,
1015 2286 1101 2360 irati,
1126 2286 1316 2368 suspicaces

123 2405 249 2468 milites
281 2405 436 2469 dubitare
468 2414 607 2488 possent
632 2405 713 2488 quin
737 2405 828 2490 apud
854 2405 1103 2488 Vespasianum
1128 2406 1161 2468 in
1185 2425 1318 2468 summo

119 2533 212 2587 esset
235 2524 365 2588 honore
389 2524 582 2588 Flavianus.

164 2643 199 2706 A
232 2645 316 2706 mire
347 2643 559 2707 conformata
589 2645 758 2707 sententia
789 2644 908 2727 incipit
939 2643 1037 2707 huius
1068 2643 1143 2706 libri
1172 2643 1228 2725 (H.
1253 2642 1316 2724 Ill)

117 2772 223 2846 caput
248 2779 308 2826 22:

165 2883 234 2963 ‚At
256 2882 458 2946 Vitellianus
475 2885 652 2958 exercitus,
673 2885 726 2946 cui
744 2883 959 2966 acquiescere
978 2881 1165 2947 Cremonae
1182 2890 1217 2946 et
1233 2884 1315 2945 reci·

117 3004 245 3085 peratis
269 3003 347 3066 cibo
371 3023 560 3086 somnoque
583 3003 710 3067 viribus
731 3003 924 3067 conlectum
944 3002 1058 3084 algore
1078 3012 1182 3085 atque
1201 3004 1314 3066 inedia

117 3123 253 3186 hostem
279 3132 415 3205 postera
439 3124 494 3186 die
519 3123 698 3206 profligare
722 3143 761 3186 ac
787 3143 947 3205 proruere
972 3124 1059 3186 ratio
1083 3122 1155 3198 luit,
1180 3122 1313 3204 indigus

117 3242 271 3316 rectoris,
305 3243 403 3326 inops
434 3242 574 3319 consilii,
602 3243 702 3305 tertia
728 3242 833 3305 ferme
857 3244 966 3306 noctis
990 3243 1073 3306 hora
1097 3243 1223 3325 paratis
1246 3243 1312 3307 iarn

118 3361 361 3443 dispositisque
387 3361 558 3425 Flavianis
582 3360 812 3444 impingitur”.

164 3479 257 3562 Quid
282 3480 474 3544 Vitellianis
498 3480 690 3544 faciendum
714 3480 813 3544 fuerit
838 3483 1015 3564 perspicue
1039 3483 1238 3563 exponitur:
1258 3493 1312 3564 op·

111 3603 196 3684 poni
219 3621 308 3664 nunc
331 3601 513 3683 oportebat
537 3602 571 3664 id
595 3603 687 3683 quod
711 3622 829 3665 revera
850 3601 1001 3665 fecerunt
1022 3602 1097 3682 (hac
1117 3602 1191 3682 ipsa
1211 3608 1311 3662 nocte

114 3723 148 3784 in
170 3721 307 3783 hostem
328 3729 407 3783 sunt
427 3720 599 3804 profecti);
620 3721 702 3784 illud
722 3730 836 3784 autem
858 3741 925 3782 non
947 3720 1079 3782 disertis
1099 3719 1222 3782 dicitur
1238 3738 1310 3780 ver·

114 3839 166 3902 bis
190 3839 251 3900 sed
276 3839 497 3921 cogitandum
520 3839 720 3922 relinquitur
743 3839 951 3920 legentibus;
972 3846 1008 3900 at
1029 3856 1129 3919 quem
1150 3836 1308 3900 effectum

115 3957 273 4020 habuerit
307 3977 348 4021 ea
382 3977 445 4032 res,
480 3979 567 4040 quae
602 3960 811 4042 cogitatione
846 3966 898 4020 est
928 3957 1129 4040 supplenda,
1155 3943 1195 4020 'id
1228 3977 1308 4020 vero

114 4077 293 4159 perspicue
329 4077 540 4140 enuntiatur:
581 4078 726 4160 „paratis
761 4076 828 4139 iarn
864 4077 1104 4159 dispositisque
1137 4076 1308 4139 Flavianis

114 4195 346 4279 impingitur”.

160 4314 206 4377 H.
226 4313 284 4389 111,
306 4330 357 4397 32.
377 4313 565 4379 Cremonae
583 4317 817 4379 incendendae
833 4317 908 4397 quis
923 4323 1042 4378 auctor
1058 4314 1157 4377 suerit
1170 4313 1308 4376 Tacitus

115 4453 185 4496 non
210 4433 360 4496 declarat
368 4461 376 4511 ;
403 4434 467 4497 hoc
491 4434 601 4498 solum
626 4443 756 4498 narrat:
