3258 5240
893 385 932 431 10

314 546 407 627 quod
439 545 500 607 viri
532 545 624 609 docti
656 547 699 609 de
729 546 851 610 Tacito
883 545 1132 627 Plutarchoque
1164 565 1182 607 e
1214 547 1386 609 communi
1409 546 1508 610 fonte

315 664 547 728 haurientibus
571 672 650 728 sunt
673 665 869 728 commenti.

358 783 559 847 Admodum
590 783 730 847 invento
761 805 839 848 meo
869 784 1072 867 gaudebam,
1102 785 1288 866 quantique
1312 784 1394 848 illud
1418 794 1512 849 esset

315 903 478 964 momenti
511 903 618 984 probe
649 902 892 985 intelligebam.
924 902 1094 966 Nolebam
1124 912 1239 966 tamen
1272 903 1339 967 iam
1367 913 1447 968 tunc
1471 905 1510 967 in

316 1022 466 1085 medium
497 1021 656 1103 prolerre.
685 1022 778 1086 Iacet
802 1023 893 1086 enim
917 1024 951 1086 in
975 1023 1105 1086 scriniis
1129 1023 1212 1086 meis
1235 1023 1380 1105 spissum
1403 1043 1512 1086 anno-

315 1140 483 1202 tationum
503 1141 546 1203 ad
567 1140 723 1204 Tacitum
744 1140 914 1217 volumen,
934 1149 1090 1204 accurate
1113 1141 1319 1224 digestarum
1333 1142 1511 1223 nitideque

316 1259 594 1340 perscriptarum:
627 1258 700 1322 illas
730 1267 764 1322 et
796 1261 928 1342 privata
959 1259 1061 1322 lectio
1091 1269 1126 1323 et
1158 1260 1214 1323 illa
1243 1280 1320 1323 cum
1344 1261 1511 1323 commili-

315 1376 453 1438 tonibus
478 1375 647 1459 colloquia
670 1376 752 1440 mihi
776 1379 1054 1461 suppeditarunt;
1079 1379 1233 1460 quotidie
1256 1373 1324 1441 ler'e
1348 1380 1429 1441 novi
1449 1378 1510 1441 ali·

316 1497 398 1577 quid
429 1498 562 1560 accedit
586 1505 644 1560 aut
667 1499 760 1579 quod
784 1498 864 1560 olim
889 1499 1128 1580 scriptumest
1152 1498 1205 1561 vel
1229 1499 1430 1562 emendatur
1453 1499 1510 1562 vel

316 1636 406 1678 novo
436 1615 604 1679 stabilitur
636 1623 846 1698 argumento.
879 1616 1081 1697 Diuque-
1105 1636 1184 1679 nam
1216 1617 1273 1679 diu
1298 1625 1349 1679 est
1372 1636 1415 1679 ex
1439 1637 1510 1698 quo

319 1735 434 1797 omnia
452 1735 516 1797 ista
536 1737 697 1798 mandare
717 1734 842 1798 chartis
861 1736 959 1817 coepi
972 1755 1105 1818 -spes
1125 1755 1180 1798 me
1199 1736 1309 1799 tenuit
1326 1735 1512 1818 aliquando

318 1873 372 1915 me
397 1853 476 1916 inde
499 1853 626 1935 aliquid
650 1873 723 1916 esse
747 1854 1013 1935 compositurum
1039 1854 1131 1935 quod
1153 1874 1257 1916 unum
1276 1864 1365 1917 esset
1384 1862 1512 1917 totum·

319 1992 395 2054 que,
419 1973 554 2054 iamque
579 1971 747 2035 Analecta
770 1972 910 2034 Tacitea
934 1972 1111 2035 Analectis
1135 1972 1396 2055 Xenophonteis
1419 1973 1513 2036 socia

317 2090 452 2153 dabam.
478 2090 546 2155 Sed
571 2090 652 2154 illud
675 2091 853 2172 aliquando
876 2089 977 2172 longe
1000 2091 1103 2154 etiam
1127 2100 1296 2154 remotum
1320 2091 1512 2154 videbatur.

318 2209 384 2272 Hic
412 2229 466 2272 me
490 2210 596 2272 diaria
620 2209 826 2292 philologica
849 2210 1027 2272 certiorem
1051 2208 1222 2272 faciebant
1246 2211 1289 2273 de
1313 2209 1511 2272 Woelfflinii

317 2329 351 2390 in
384 2328 572 2391 Academia
604 2328 801 2392 Monacensi
834 2329 987 2391 oratione
1018 2328 1145 2391 habita.
1178 2328 1266 2391 Emo
1298 2328 1449 2392 libellum
1472 2338 1512 2391 et

316 2449 428 2532 legere
460 2449 603 2531 incipio:
635 2450 702 2511 iam
733 2447 841 2510 tribus
872 2449 1003 2530 paginis
1035 2446 1192 2530 perlectis
1223 2449 1410 2512 certissima
1436 2469 1510 2511 esse

319 2569 425 2632 multa
445 2587 532 2650 quae
552 2567 604 2630 vir
622 2587 772 2630 summus
789 2566 907 2629 afferat
928 2566 1091 2649 intelligo,
1113 2568 1264 2630 nondum
1285 2577 1400 2631 tamen
1414 2568 1511 2650 quid·

318 2707 421 2769 quam
445 2686 546 2749 video
570 2686 662 2768 quod
686 2693 817 2749 tantam
841 2685 967 2748 habeat
990 2686 1216 2768 persuadendi
1240 2687 1320 2762 vim,
1345 2696 1510 2768 quantum

318 2824 421 2867 unum
453 2803 535 2867 illud
567 2813 804 2887 argumentum
836 2805 928 2885 quod
961 2825 1025 2887 ego
1057 2825 1077 2866 a
1107 2804 1396 2867 commilitonibus
1426 2805 1512 2867 meis

317 2932 455 2987 coactus
479 2924 685 2986 inveneram.
711 2923 819 3006 Pergo
843 2924 944 3005 igitur
967 2924 1071 3004 idque
1096 2924 1199 2986 corde
1225 2923 1387 2998 micante;
1409 2942 1511 3005 spero

317 3043 407 3105 enim
433 3079 475 3089 -
499 3062 557 3106 cur
581 3043 646 3105 hoc
666 3040 848 3106 reticeam?
867 3078 911 3088 -
932 3043 975 3104 de
996 3042 1143 3106 Othonis
1162 3041 1385 3124 praetorianis
1404 3042 1511 3124 impe·
1603 3091 1604 3094 ,

318 3161 438 3223 ratoris
462 3161 512 3222 sui
537 3181 638 3223 causa
661 3160 946 3224 tumultuantibus
970 3160 1040 3225 lore
1064 3161 1246 3236 silentium,
1270 3161 1405 3242 iamque
1427 3161 1511 3224 mihi

319 3279 427 3342 laetus
459 3281 622 3361 promitto
654 3280 719 3343 hoc
750 3300 803 3342 me
828 3279 1023 3361 exemplum
1048 3279 1254 3343 Woelfflinio
1277 3279 1512 3362 suppeditatu-
1600 3315 1601 3347 r

318 3419 413 3460 rum.
429 3446 436 3460 .
450 3446 480 3460 ..
505 3399 587 3462 nihil
612 3400 704 3462 enirn
727 3400 904 3462 iucundius
929 3399 1009 3462 mihi
1031 3408 1082 3462 est
1103 3420 1204 3481 quam
1226 3419 1287 3482 pro
1308 3398 1394 3462 virili
1415 3407 1512 3481 parte

319 3519 451 3581 efficere
483 3527 520 3580 ut
551 3527 714 3600 appareat
742 3517 868 3581 facturn
893 3539 961 3581 non
985 3539 1057 3582 esse
1082 3521 1174 3601 quod
1198 3518 1270 3581 fieri
1295 3537 1363 3580 non
1388 3518 1511 3600 potuit.
1597 3539 1598 3542 ¹

319 3636 369 3699 At
401 3656 481 3698 mox
506 3636 586 3699 mihi
610 3638 771 3721 gaudium
795 3637 887 3712 illud,
913 3639 1005 3720 quod
1029 3639 1143 3701 animo
1167 3640 1234 3701 iarn
1259 3657 1509 3721 praeceperam,

319 3757 474 3837 eripitur;
508 3757 631 3838 pagina
663 3757 754 3819 enim
783 3773 827 3836 4ο
850 3765 959 3820 totam
984 3777 1054 3819 rem
1078 3766 1234 3821 accurate
1259 3759 1428 3839 docteque
1452 3777 1510 3818 ex·
1594 3769 1595 3776 ’

318 3875 463 3958 positam
488 3875 598 3937 video.
1593 3851 1594 3854 Ἴ

364 3994 496 4075 Ecquid
529 3993 675 4057 doluisse
707 4015 761 4057 me
792 3993 912 4078 putas?
936 3996 1118 4078 Paulisper,
1143 3995 1261 4058 fateor.
1288 3995 1371 4058 Mox
1394 4004 1509 4057 tamen

320 4112 417 4175 dolor
440 4112 495 4176 ille
519 4113 619 4175 cessit
642 4113 790 4176 laetitiae
815 4115 922 4177 multo
946 4115 1112 4177 vividiori.
1141 4114 1263 4177 Nonne
1284 4113 1374 4175 enim
1396 4113 1510 4174 iucun-

318 4232 381 4294 dus
411 4252 488 4294 curn
516 4240 613 4295 tanto
637 4232 709 4295 viro
733 4229 935 4296 consensus?
961 4232 1006 4294 Et
1031 4233 1113 4313 quid
1137 4233 1260 4294 attinet
1283 4231 1359 4312 quis
1383 4231 1510 4312 primus

319 4351 485 4414 invenerit
519 4350 658 4434 aliquid,
693 4352 881 4415 dummodo
914 4351 957 4412 sit
988 4370 1106 4413 verum
1138 4360 1173 4414 et
1205 4350 1354 4432 aliquam
1385 4347 1509 4412 habeat
