3228 5236
659 415 719 481 215

155 577 319 657 ‚Duorum
344 576 487 639 militum
512 551 677 658 supplicio
702 576 839 658 paulum
864 576 1006 657 repressi
1029 584 1117 638 sunt.
1143 576 1287 640 Iusserat

110 697 140 758 id
160 695 203 759 Μ’
218 697 358 770 Ennius,
371 705 557 759 castrorum
571 696 771 778 praefectus,
786 696 878 758 bono
892 695 997 777 magis
1010 695 1170 777 exemplo
1182 716 1284 777 quam

108 835 256 878 concesso
269 815 350 877 iure.
365 815 497 878 Deinde
511 816 757 878 intumescente
771 822 866 878 motu
880 814 1041 897 profugus
1054 822 1287 897 repertusque,

107 945 274 1018 postquam
295 937 425 999 intutae
444 935 605 1010 latebrae,
629 927 833 1018 praesidiu'm
853 935 897 998 ab
918 937 1060 999 audacia
1082 936 1287 1000 mutuatur.'’

147 1056 290 1118 Dubium
314 1075 387 1118 esse
412 1076 479 1118 non
504 1064 627 1136 potest,
653 1056 733 1136 quin
759 1055 840 1118 illud
866 1066 1079 1138 repertusque
1102 1057 1296 1119 delendum¹

107 1175 154 1237 sit.
173 1175 319 1237 Primum
331 1175 421 1237 enim
439 1183 639 1257 ,postquam
652 1176 781 1238 intutae
795 1174 968 1238 latebrae”
982 1175 1064 1238 nihil
1080 1175 1171 1239 aliud
1184 1178 1285 1258 signi·

109 1293 180 1357 ficat
205 1315 306 1376 quam
335 1295 417 1357 hoc:
449 1303 650 1376 „postquam
674 1315 709 1356 se
733 1315 809 1358 mox
830 1307 997 1378 repertum
1018 1296 1068 1358 iri
1086 1295 1287 1371 intellexit,”

108 1414 305 1496 ineptissime
318 1435 399 1497 ergo
412 1426 624 1497 repertusque
636 1415 874 1496 praemittitur.
896 1415 1030 1478 Deinde
1043 1416 1123 1490 dux,
1136 1417 1171 1479 in
1184 1437 1285 1498 quem

110 1534 242 1598 militurn
266 1536 315 1597 ira
338 1536 473 1608 exarsit,
497 1535 524 1596 si
547 1535 652 1597 semel
675 1544 726 1597 est
750 1546 902 1618 repertus
927 1535 958 1616 (i.
984 1557 1013 1598 e.
1038 1555 1057 1598 e
1080 1529 1227 1612 lateb'ris,
1252 1539 1286 1600 in

108 1673 184 1734 quas
212 1653 373 1736 confugit,
406 1655 618 1736 protractus),
649 1674 669 1716 a
694 1653 856 1716 militibus
879 1663 937 1716 aut
960 1655 1076 1717 statim
1100 1656 1287 1719 trucidatur

107 1783 159 1835 aut
189 1774 342 1848 vincitur,
373 1782 431 1836 aut
463 1774 610 1854 denique
641 1773 688 1834 ita
720 1773 883 1835 retinetur
916 1775 1225 1857 constringiturque
1250 1783 1286 1837 ut

106 1913 314 1956 commovere
342 1913 377 1956 se
402 1913 470 1956 non
495 1895 611 1975 possit.
647 1893 698 1956 At
722 1894 852 1956 Ennius
877 1895 1075 1974 „exterritis
1101 1895 1158 1976 qui
1182 1895 1287 1958 obsti·

105 2021 217 2087 terant,
243 2021 376 2095 raptum
401 2013 562 2075 vexillum
586 2014 628 2076 ad
654 2014 761 2095 ripam
786 2012 928 2088 vertit;”
953 2035 1072 2078 manus
1093 2035 1174 2096 ergo
1195 2025 1285 2079 certe

106 2132 245 2196 habebat
264 2133 404 2196 liberas:
425 2142 547 2215 sponte
567 2154 585 2195 e
606 2132 744 2195 latebris
757 2134 825 2195 suis
838 2133 1039 2215 provolavit,
1054 2155 1096 2197 ne
1109 2143 1284 2216 tamquam

107 2254 252 2334 captivus
274 2274 295 2315 a
319 2252 481 2315 militibus
505 2252 584 2314 inde
608 2253 871 2334 protraheretur.

146 2371 188 2434 A.
219 2372 244 2447 I,
275 2387 325 2453 55.
351 2373 533 2453 Postquam
559 2373 707 2435 narravit
731 2392 833 2453 quam
857 2371 945 2434 bene
969 2372 1114 2435 Arminii
1139 2373 1286 2437 consiliis

107 2490 282 2570 prodendis
314 2492 453 2553 meritus
485 2500 586 2552 antea
617 2510 719 2573 saepe
746 2492 789 2553 de
822 2491 950 2573 populo
983 2492 1139 2554 Romano
1170 2493 1286 2556 suisset

107 2606 267 2690 Segestes
291 2611 339 2672 sic
363 2611 502 2673 Tacitus
526 2611 653 2692 pergit:

148 2728 330 2813 „Segestes
361 2750 568 2812 quamquam
600 2750 765 2793 consensu
797 2731 908 2812 gentis
939 2731 973 2792 in
998 2730 1123 2794 bellum
1147 2739 1285 2808 tractuS,

105 2849 223 2912 discors
247 2849 424 2932 manebat;
449 2851 557 2913 auctis
581 2851 739 2931 privatim
763 2851 861 2925 odiis,
881 2852 973 2931 quod
995 2850 1169 2914 Arminius
1182 2850 1285 2914 filiam

105 2968 170 3030 eius
182 2969 234 3032 alii
248 2978 384 3052 pactam
397 2965 564 3052 rapuerat.
590 2969 698 3033 Gener
710 2971 846 3044 inuisus,
859 2971 986 3033 inimici
995 2971 1101 3033 soceri
1109 2997 1115 3046 ;
1130 2990 1285 3052 quaeque

106 3090 189 3170 apud
220 3091 406 3153 concordes
436 3089 571 3152 vincula
601 3089 760 3164 caritatis,
786 3089 1007 3177 incitamenta
1030 3091 1169 3152 irrarum
1193 3091 1284 3172 apud

105 3205 245 3272 infensos
267 3207 396 3271 erant.”

146 3325 198 3390 Sic
230 3336 282 3391 est
308 3329 342 3390 in
367 3329 502 3390 codice:
527 3329 662 3401 inimici,
687 3329 779 3409 quod
803 3336 941 3390 tuentur
964 3327 1030 3398 alii,
1056 3329 1136 3392 dum
1160 3330 1288 3393 inimici

104 3448 202 3510 soceri
220 3455 279 3510 aut
297 3447 467 3528 genitivos
486 3447 662 3529 singularis
682 3456 740 3510 aut
760 3447 989 3510 nominativos
1006 3448 1143 3530 pluralis
1156 3450 1285 3512 numeri

106 3584 170 3628 esse
201 3575 364 3641 statuunt,
398 3567 625 3649 Nipperdeius
656 3567 809 3629 inimicus
838 3567 984 3628 coniecit
1016 3575 1050 3628 et
1075 3567 1286 3629 confidenter

106 3687 211 3764 posuit
242 3686 275 3747 in
307 3693 414 3748 textu.
451 3683 518 3750 Sed
552 3686 622 3747 sive
655 3685 744 3747 hunc
771 3685 952 3765 sequimur,
977 3685 1048 3746 sive
1071 3684 1155 3759 illos,
1181 3686 1285 3749 haud·

106 3823 268 3887 quaquam
288 3804 517 3885 intelligimus
540 3823 700 3885 quorsum
712 3802 793 3865 illud
808 3804 977 3884 pertineat
990 3803 1135 3866 eandem
1147 3805 1201 3867 hic
1215 3826 1285 3868 rem

105 3930 271 4006 tamquam
295 3924 436 3989 diversis
459 3944 478 3986 e
501 3922 584 3986 locis
608 3923 832 3985 considerare.
858 3922 995 3985 Etenim
1020 3923 1077 3985 ubi
1098 3924 1141 3986 de
1161 3945 1286 4006 genero

104 4040 253 4126 legimus,
286 4045 389 4106 etiam
420 4063 498 4106 cum
530 4063 648 4105 socero
679 4041 732 4104 vel
764 4061 861 4104 socru
894 4043 965 4104 eius
996 4063 1068 4104 rem
1093 4043 1189 4104 nobis
1213 4064 1286 4106 esse

104 4165 211 4226 statim
242 4164 475 4246 perspicimus,
507 4171 550 4236 et,
585 4162 641 4224 ubi
674 4181 777 4242 gener
809 4169 861 4225 est
893 4162 1030 4236 invisus,
1063 4181 1158 4223 socer
1189 4180 1285 4223 carus

105 4291 325 4365 acceptusque
355 4301 428 4345 esse
454 4283 581 4363 nequit.
618 4278 677 4344 Sin
702 4301 721 4343 e
745 4288 843 4344 textu
867 4281 1034 4345 vocabula
1055 4281 1111 4344 illa
1134 4279 1285 4342 elicimus

105 4403 211 4466 omnia
245 4402 424 4486 perspicua
459 4401 543 4463 fiunt
579 4409 682 4481 atque
717 4409 869 4463 venusta.
921 4400 1104 4486 Quomodo
1139 4400 1285 4482 irrepere
