3248 5230
860 427 923 489 268

344 605 503 684 „Interim
528 614 564 668 ut
585 604 755 687 piaculum
775 606 921 668 obicitur
940 605 1093 668 centurio
1113 605 1302 688 Crispinus;
1323 610 1487 690 sanguine

295 723 472 806 Capitonis
496 745 531 788 se
556 733 802 799 cruentaverat,
825 745 934 808 eoque
955 733 989 788 et
1010 724 1260 807 postulantibus
1280 726 1489 791 manifestior

294 852 329 908 et
353 845 507 927 punienti
532 843 630 907 vilior
653 844 749 908 fuit.”

338 965 497 1030 Punienti
518 986 564 1028 sc.
587 965 739 1029 Vitellio.
764 965 824 1041 At,
846 966 999 1042 obsecr0,
1020 985 1100 1028 num
1113 966 1214 1049 punit
1234 966 1392 1028 miserum
1411 986 1491 1028 cen-

293 1085 463 1148 turionem
491 1083 667 1148 Vitellius?
692 1084 783 1147 Num
808 1083 894 1148 ullus
918 1086 1057 1148 omnino
1074 1086 1237 1168 puniendi
1253 1087 1359 1149 verbo
1376 1084 1492 1149 locus?

296 1206 352 1268 An
385 1225 583 1268 censeamus
614 1205 736 1268 Tacito
762 1206 917 1288 punitum
943 1204 1049 1267 videri
1074 1204 1256 1279 hominem,
1286 1206 1490 1268 eonomine

294 1325 338 1388 ab
362 1326 455 1388 iratis
480 1324 642 1388 militibus
667 1333 836 1400 necatum,
862 1327 955 1406 quod
980 1324 1183 1407 Capitonem
1204 1325 1402 1389 occidisset?
1426 1325 1488 1390 Ca·

294 1445 367 1526 pito
399 1445 489 1507 enim
522 1444 615 1526 quid,
640 1445 751 1507 iudice
774 1444 907 1519 Tacito,
933 1442 1078 1507 iecerat?
1101 1443 1211 1522 Haud
1230 1444 1326 1508 dubie
1348 1445 1382 1507 in
1407 1444 1487 1508 Ger·

294 1566 406 1627 mania
437 1565 643 1640 turbaverat,
678 1585 745 1627 non
779 1584 875 1627 secus
906 1584 945 1627 ac
980 1563 1094 1627 Macer
1124 1565 1157 1626 in
1181 1563 1297 1626 Africa
1322 1564 1365 1646 (v.
1389 1585 1418 1626 c.
1442 1565 1486 1648 7),

292 1693 385 1778 certe
406 1684 543 1747 turbare
564 1692 795 1766 coeptaverat,
817 1703 962 1765 eumque
983 1693 1221 1765 oppresserant
1235 1683 1488 1747 interfecerant·

294 1825 360 1887 que
392 1803 568 1868 Cornelius
598 1803 768 1885 Aquinius
792 1811 827 1866 et
851 1803 979 1866 Fabius
1003 1801 1141 1878 Valens,
1170 1811 1371 1884 „antequam
1395 1804 1489 1866 iube·

293 1923 430 1986 rentur’'
455 1923 593 2004 quidem
619 1922 700 2004 (ibn,
730 1923 789 1986 sed
814 1931 928 1985 tamen
953 1923 1042 1986 haud
1068 1923 1171 1986 dubie
1196 1923 1257 1986 rati
1281 1943 1317 1986 se
1340 1923 1388 1986 sic
1413 1945 1490 2007 pro-

293 2044 424 2125 spicere
455 2043 561 2124 quieti
595 2051 630 2104 et
662 2041 833 2104 securitati
867 2042 1083 2124 reipublicae.
1117 2042 1208 2105 Num
1241 2043 1297 2124 qui
1323 2044 1490 2106 eiusmodi

294 2162 424 2225 consilii
457 2163 627 2245 particeps
658 2161 729 2236 fuit,
763 2180 840 2224 curn
873 2171 993 2243 postea
1023 2183 1042 2224 a
1073 2161 1285 2225 discordibus
1315 2162 1488 2236 militibus,

293 2282 351 2362 qui
382 2301 483 2362 aegre
515 2281 596 2343 illud
629 2246 789 2355 tulerunt,
821 2259 1003 2344 crudeliter
1030 2281 1228 2356 trucidatur,
1246 2282 1368 2364 puniri
1390 2280 1445 2344 vel
1468 2302 1490 2344 a

295 2400 467 2475 militibus,
491 2399 546 2463 vel
570 2421 590 2463 a
614 2401 710 2475 duce,
738 2401 795 2482 qui
820 2421 888 2463 non
913 2400 1104 2475 intercedit,
1129 2401 1195 2463 dici
1219 2399 1351 2484 potest?
1383 2399 1486 2464 Haud

292 2521 424 2603 opinor.
449 2520 607 2601 Denique
631 2539 718 2600 quae
743 2519 926 2582 intercedit
951 2519 1036 2582 ratio
1059 2520 1148 2582 inter
1171 2538 1273 2583 voces
1296 2540 1383 2602 quae
1407 2529 1487 2583 sunt

286 2639 531 2723 postulantibus
562 2647 596 2701 et
622 2637 794 2722 punienti?
819 2638 865 2701 Et
888 2638 1001 2720 aliqua
1024 2646 1138 2702 tamen
1163 2639 1248 2702 ratio
1274 2641 1485 2703 intercedere

291 2761 405 2835 debet,
428 2761 489 2830 nisi
510 2760 678 2822 credimus
699 2759 864 2828 Tacitum.
877 2778 945 2822 non
966 2759 1183 2822 cohaerentia
1201 2743 1361 2824 locutum.
1382 2759 1485 2843 Quod

291 2881 452 2964 quoniam
484 2880 622 2943 credere
654 2880 820 2954 nolumus,
853 2881 885 2942 in
911 2881 1065 2962 punienti
1095 2879 1201 2944 latere
1224 2881 1343 2944 vitium
1368 2889 1487 2944 nostro

291 3001 362 3064 iure
393 3001 583 3063 statuimus.
608 2997 709 3081 Quod
735 3001 909 3080 quomodo
934 3001 977 3062 sit
1001 2999 1190 3063 tollendum
1214 3000 1283 3063 fere
1308 3001 1372 3062 iarn
1399 3000 1488 3062 dixi·

291 3142 375 3194 mus,
396 3127 488 3182 certe
509 3118 619 3181 elucet
639 3141 658 3182 e
679 3128 753 3182 tota
773 3119 1005 3200 disputatione
1025 3127 1150 3182 nostra.
1173 3119 1298 3182 Milites
1311 3118 1487 3202 postulant

292 3239 430 3320 aliquid,
463 3239 532 3300 dux
562 3246 621 3301 aut
653 3239 778 3321 respuit
811 3238 990 3320 postulata,
1023 3247 1080 3300 aut
1112 3258 1228 3301 aurern
1259 3240 1299 3301 iis
1330 3238 1484 3321 praebet.

291 3357 514 3422 Subtraxerat
546 3365 660 3419 autem
694 3357 837 3419 militum
871 3357 970 3419 minis
1002 3357 1206 3433 Burdonem,
1231 3365 1266 3420 at
1290 3356 1485 3438 Crispinum

290 3478 329 3541 iis
424 3474 527 3557 quid?
553 3476 686 3557 Nempe
699 3478 877 3559 permittit.
902 3475 979 3540 Hoc
1000 3484 1052 3539 est
1072 3477 1254 3558 legendum
1264 3477 1485 3558 permittenti,
1596 3515 1600 3521 ·

290 3597 355 3660 hoc
387 3597 485 3659 unice
517 3597 550 3658 in
583 3595 672 3658 hunc
703 3594 816 3658 locum
847 3596 1019 3670 convenit,
1051 3604 1087 3658 et
1119 3596 1277 3658 ductibus
1308 3595 1483 3659 literarum

289 3716 434 3779 traditae
459 3715 535 3778 voci
553 3716 706 3798 punienti
728 3715 913 3778 admodum
938 3721 989 3777 est
1013 3714 1121 3778 simile
1142 3715 1356 3797 (mittenti).-

335 3952 378 4015 H.
405 3953 430 4028 l,
455 3953 507 4032 64.
535 3955 661 4017 Fabius
681 3953 808 4017 Valens
828 3974 906 4016 curn
926 3955 1114 4016 exercitum
1134 3955 1295 4016 adversus
1308 3952 1484 4018 Othonem

288 4073 321 4135 in
356 4071 488 4136 Italiam
520 4073 623 4147 ducit,
656 4075 689 4135 in
723 4074 861 4136 civitate
893 4073 1086 4154 Lingonum
1111 4073 1198 4135 inter
1221 4072 1426 4154 legionarios
1450 4083 1485 4138 et

289 4193 437 4256 Batavos
455 4190 634 4255 auxiliares
654 4193 760 4275 iurgia
781 4213 935 4256 exarsere
956 4192 1121 4255 eiusmodi
1141 4201 1179 4255 ut
1200 4212 1306 4274 prope
1319 4213 1339 4255 a
1353 4194 1485 4274 proelio

288 4313 423 4376 abesset
447 4331 509 4373 res.
535 4311 629 4374 Haec
654 4312 757 4394 ipsius
781 4313 890 4376 Taciti
916 4314 1020 4377 verba
1043 4321 1138 4377 sunt:

336 4430 466 4510 „Iurgia
498 4430 653 4512 primum,
688 4452 769 4494 mox
801 4433 872 4494 rixa
903 4433 991 4495 inter
1024 4434 1169 4496 Batavos
1201 4441 1234 4494 et
1265 4432 1483 4514 legionarios,
