3258 5240
671 431 711 498 ²7

93 593 178 656 urbe
209 593 386 675 potiamini
414 613 517 675 quam
546 595 573 656 si
597 613 709 656 arcem
734 612 875 655 vacuam
900 589 1160 674 occupassetis”.
1187 588 1287 652 Haud

94 712 212 793 inepte
237 710 380 774 conferri
406 712 512 795 possit
535 713 703 776 hereditas
725 713 795 776 sine
817 714 934 777 sacris.

139 829 276 893 Tertius
298 832 332 893 in
357 829 549 894 Annalibus
572 831 695 914 legitur
717 832 738 895 l.
764 832 814 894 III
838 851 866 894 c.
892 848 944 915 74.
966 832 1019 895 De
1041 830 1160 894 Blaeso
1181 830 1289 912 perite

94 957 130 1012 et
165 951 351 1032 prudenter
385 950 671 1015 Tacfarinaticum
705 953 965 1016 administrante
1001 950 1127 1014 bellum
1159 958 1194 1013 et
1225 949 1289 1012 alia

95 1079 275 1132 narrantur
299 1079 333 1133 et
357 1070 458 1134 haec:

141 1190 349 1272 tripertitum
373 1191 560 1254 exercitum
585 1190 697 1273 plures
721 1192 754 1254 iu
776 1211 894 1254 manus
914 1191 1078 1272 dispergit
1095 1190 1289 1272 praeponit·

94 1329 163 1390 que
194 1310 410 1373 centuriones
441 1311 574 1374 virtutis
605 1319 777 1393 expertae.
803 1311 886 1386 Nec,
911 1319 948 1373 ut
974 1330 1046 1373 mos
1070 1309 1189 1385 fuerat,
1212 1318 1290 1372 acta

93 1436 227 1492 aestate
251 1429 391 1492 retrahit
416 1431 531 1512 copias
555 1439 614 1494 aut
637 1431 672 1493 in
696 1430 922 1493 hibernaculis
946 1430 1069 1492 veteris
1094 1429 1288 1511 provinciae

94 1547 284 1630 componit,
308 1549 367 1611 sed
392 1560 429 1613 ut
451 1550 485 1612 in
509 1550 622 1614 limine
643 1549 719 1613 belli
742 1549 914 1631 dispositis
938 1547 1167 1658 castellisqper
1187 1568 1289 1630 expe·

93 1667 187 1730 ditos
211 1676 247 1730 et
269 1667 490 1733 solitudinum
513 1689 637 1752 gnaros
660 1677 849 1733 mutantem
875 1668 1022 1752 mapalia
1039 1668 1289 1732 Tacfarinatem

94 1787 332 1869 proturbabat.

142 1909 209 1971 Hic
244 1909 473 1992 Nipperdeius
507 1923 544 1975 ut
577 1912 680 1987 delet,
712 1931 776 1994 ego
809 1911 1024 1975 retinendum
1056 1931 1188 1986 cense0,
1221 1930 1289 1974 non

94 2037 214 2092 tamen
245 2030 293 2092 ita
322 2030 453 2112 accipio
484 2038 521 2093 ut
552 2031 745 2106 Furneaux,
778 2031 835 2113 qui
866 2039 1029 2112 tanquam
1061 2030 1153 2093 idem
1178 2030 1290 2094 valeat

94 2148 191 2229 quod
220 2148 380 2230 „utpote”
404 2150 655 2231 interpretatur.
682 2150 919 2232 Metaphoram
944 2170 984 2213 ea
1007 2149 1128 2212 vocula
1152 2148 1290 2213 Tacitus

95 2276 250 2342 excusat,
276 2289 354 2332 nam
379 2269 578 2351 metaphora
602 2277 653 2332 est
672 2268 754 2333 illud
775 2270 873 2333 limen
893 2269 976 2344 belli,
997 2289 1064 2351 qua
1084 2277 1200 2331 tamen
1221 2287 1288 2330 non

97 2389 149 2468 (ut
186 2386 339 2470 plerique
369 2409 423 2451 vv.
448 2389 505 2451 dd.
530 2397 649 2470 putare
673 2376 843 2471 videntur)
867 2400 994 2472 tempus
1015 2388 1075 2451 sed
1099 2388 1186 2450 locus
1209 2387 1295 2449 indi·

96 2515 207 2569 catur.
250 2497 368 2569 Castra
408 2506 575 2588 disposuit
609 2507 746 2571 Blaesus
777 2508 811 2570 in
843 2509 923 2590 ipsis
954 2506 1076 2571 finibus
1107 2507 1292 2569 immensae

95 2625 187 2689 illius
219 2626 374 2707 regionis,
408 2626 465 2688 ubi
498 2625 697 2708 plerumque
730 2626 855 2690 bellum
887 2634 960 2689 erat
990 2626 1188 2708 gerendum,
1213 2625 1292 2687 inde

94 2744 197 2808 facile
228 2745 262 2807 in
295 2745 466 2808 desertum
498 2745 646 2808 excurrit
670 2747 889 2828 recurritque,
914 2747 1023 2809 donec
1047 2751 1149 2826 capto
1173 2742 1292 2806 Tacf-

94 2865 217 2928 rinatis
248 2863 316 2927 filio
349 2883 519 2946 regressus
543 2873 595 2928 est
618 2865 664 2947 (in
689 2865 789 2928 solita
813 2866 963 2948 priorum
988 2865 1113 2926 ducum
1136 2863 1291 2925 hiberna·

94 2984 187 3064 cula)
211 2983 295 3046 falso
319 2991 410 3047 ratus
434 2982 537 3046 finem
562 2985 628 3047 iam
653 2984 779 3047 bellum
805 2984 941 3047 habere.
966 2982 1095 3065 Quodsi
1119 2982 1201 3045 mihi
1223 3002 1290 3044 non

95 3105 300 3168 conceditur
313 3116 455 3188 propter
475 3105 703 3187 metaphoram
724 3104 805 3167 illud
825 3116 863 3168 ut
881 3106 1030 3186 positum
1047 3123 1130 3179 esse,
1146 3104 1291 3185 Nipper-

96 3224 225 3286 deiano
257 3223 355 3286 nobis
386 3224 537 3286 remedio
569 3232 620 3286 est
651 3225 826 3298 utendum,
853 3225 982 3287 namsi
1006 3243 1105 3286 sensu
1129 3226 1183 3286 τοῦ
1208 3235 1291 3288 tam·

95 3363 200 3426 quam
229 3343 261 3405 si
290 3342 485 3424 accipimus
518 3343 742 3425 temporalem
775 3342 887 3406 verbis
917 3343 1014 3406 limen
1044 3343 1121 3407 belli
1142 3344 1210 3407 vim
1235 3343 1293 3405 tri·

96 3462 247 3536 buimus,
271 3461 506 3542 quodfalsum
530 3470 597 3536 est3
622 3462 649 3523 si
674 3462 765 3524 idem
789 3470 947 3544 putamus
967 3481 1040 3524 esse
1061 3462 1152 3543 quod
1174 3473 1291 3544 utpote,

96 3581 258 3645 Blaesum
285 3589 503 3663 reputantem
525 3581 666 3644 facimus
689 3601 776 3663 quae
800 3601 899 3645 sensu
924 3601 1019 3644 cassa
1041 3581 1210 3642 videntur.
1235 3579 1291 3644 Sic

94 3701 191 3765 enim
215 3707 288 3762 tum
312 3719 390 3762 eum
412 3719 527 3762 secum
552 3699 693 3762 iacimus
716 3699 983 3782 colloquentem:
1012 3717 1105 3778 „sum
1128 3697 1232 3759 semel
1257 3697 1291 3760 in

93 3820 224 3885 finibus
248 3821 403 3903 regionis
429 3820 486 3882 ubi
511 3819 636 3883 bellum
659 3822 797 3903 geritur,
821 3841 901 3903 ergo
923 3819 969 3881 ibi
994 3817 1173 3882 manebo'’.

141 3939 240 4021 Apte
272 3939 323 4002 his
353 3939 481 4002 addere
504 3959 641 4021 possum
666 3939 708 4002 de
733 3938 864 4003 duabus
887 3937 1090 4002 lectionibus
1111 3938 1291 4020 disputati·

93 4078 214 4133 onem,
245 4078 332 4139 quae
360 4057 462 4120 falsae
487 4057 568 4120 mihi
592 4058 760 4121 videntur.
785 4056 935 4140 Quarum
959 4059 1051 4142 prior
1075 4058 1223 4141 pertinet
1247 4058 1290 4122 ad

94 4179 195 4243 Ann.
221 4176 298 4251 Xll,
324 4177 383 4239 26:

144 4295 260 4359 Nemo
283 4296 371 4358 adeo
395 4315 517 4378 expers
541 4295 790 4358 misericordiae
815 4296 877 4359 fuit
897 4317 998 4378 quem
1019 4317 1088 4360 non
1109 4296 1293 4360 Britannici

95 4417 257 4480 fortunae
290 4434 423 4477 maeror
454 4415 548 4496 (Ern.
580 4414 715 4478 fortuna
739 4416 903 4497 maerore)
927 4416 1087 4479 afficeret.
1112 4414 1294 4479 Desolatus
