3266 5238
896 409 957 491 138

329 587 429 662 enim,
462 587 489 649 si
521 585 597 651 illos
628 589 727 651 nimis
757 589 942 672 suspiciant
971 589 1130 672 aequales
1153 590 1213 666 sui,
1238 590 1424 674 periculum
1449 612 1527 655 esse

329 727 371 770 ne
403 708 475 790 ipse
508 727 585 770 cum
617 728 736 771 socero
766 729 838 785 suo,
871 710 996 792 quique
1029 718 1205 793 praeterea
1229 709 1352 774 luerint
1376 711 1527 774 modesti

328 827 497 909 cautique,
529 827 632 910 vulgo
661 829 926 893 'contemnantur
957 828 1265 912 despicianturque.
1295 829 1384 893 Hinc
1409 830 1466 894 illa
1490 832 1526 894 in

328 946 415 1009 illius
449 955 562 1011 sectae
594 947 749 1011 homines
782 949 987 1013 mordacitas
1018 949 1234 1013 admirationi
1266 950 1390 1013 iuncta.
1422 949 1527 1032 Quod

327 1065 550 1149 philosophos
580 1087 624 1130 ex
653 1069 737 1131 urbe
769 1066 901 1151 expulit
931 1069 1147 1132 Domitianus
1170 1078 1346 1151 tamquam
1369 1071 1528 1152 gravissi-

328 1206 421 1250 mum
455 1187 592 1269 tyranni
624 1188 657 1250 in
690 1196 798 1250 totam
831 1188 1078 1250 humanitatem
1109 1189 1311 1270 proponitur
1342 1197 1525 1271 peccatum

327 1306 423 1389 (Agr.
445 1306 488 1388 2),
510 1315 545 1370 et
564 1316 679 1371 tamen
700 1308 838 1370 eosdem
859 1306 933 1370 illos
953 1326 1022 1400 non
1044 1307 1154 1370 minus
1173 1307 1282 1371 bonos
1298 1305 1523 1390 philosophos

325 1433 360 1488 et
392 1426 629 1508 prudentiores
660 1426 814 1489 homines
846 1425 975 1490 luturos
1007 1425 1117 1501 luisse,
1141 1427 1168 1490 si
1192 1426 1290 1489 silere
1318 1427 1522 1509 potuissent,

327 1545 384 1608 ubi
408 1553 500 1608 certa
524 1547 659 1609 adesset
682 1545 788 1609 libere
811 1545 1029 1628 loquentibus
1053 1546 1229 1628 pernicies,
1251 1546 1439 1610 identidem
1461 1547 1521 1610 de·

326 1673 514 1728 monstrare
538 1674 681 1729 conatur
782 1665 912 1740 frustra,
937 1674 975 1728 ut
998 1685 1062 1748 ego
1086 1685 1220 1728 censeo.
1243 1665 1331 1728 Hinc
1353 1665 1391 1729 fit
1412 1674 1449 1728 ut
1469 1687 1520 1728 re-

328 1805 407 1849 vera
423 1787 524 1868 genio
540 1786 715 1869 indulgere
732 1787 887 1849 videatur
900 1806 977 1849 cum
991 1806 1106 1849 eorum
1119 1802 1223 1849 unum
1236 1785 1382 1849 ludibrio
1395 1786 1520 1849 habere

327 1905 434 1987 possit
465 1904 659 1969 Musonium
692 1904 827 1980 Rufum,
856 1906 898 1968 de
927 1906 1053 1987 quoin
1078 1905 1236 1969 Historiis
1260 1905 1354 1968 locus
1377 1914 1439 1980 est,
1463 1905 1521 1986 qui

326 2023 455 2087 facetus
478 2025 585 2088 videri
610 2033 735 2106 posset,
756 2025 818 2087 nisi
839 2033 973 2089 tantum
993 2026 1117 2088 inesset
1137 2024 1333 2088 acerbitatis
1354 2025 1426 2106 (111,
1448 2025 1520 2106 81):

374 2143 576 2224 „Miscuerat
600 2164 635 2207 se
659 2143 801 2226 legatis”
822 2145 920 2227 (quos
941 2145 1012 2226 ipse
1032 2153 1169 2208 senatus
1188 2145 1232 2208 ad
1252 2143 1397 2207 Antonii
1417 2143 1522 2206 Primi

326 2262 450 2326 milites
483 2263 620 2326 miserat
652 2263 870 2327 concordiam
901 2283 1090 2346 pacemque
1120 2266 1288 2345 suasuros)
1324 2263 1519 2344 „Musonius

326 2383 442 2459 Rufus,
485 2384 651 2466 equestris
693 2385 830 2459 ordinis,
866 2385 1015 2447 studium
1052 2382 1287 2466 philosophiae
1323 2392 1357 2446 et
1391 2383 1517 2466 placita

323 2503 515 2568 Stoicorum
536 2504 733 2579 aemulatus
754 2504 1007 2586 coeptabatque
1024 2504 1211 2585 permixtus
1230 2501 1410 2584 manipulis
1425 2501 1518 2564 bona

324 2623 427 2705 pacis*
440 2643 480 2686 ac
500 2621 579 2686 belli
600 2623 793 2687 discrimina
814 2623 981 2686 disserens
1000 2631 1149 2685 armatos
1169 2641 1318 2685 monere.
1340 2621 1379 2684 Id
1400 2620 1516 2704 pleris-

324 2764 390 2825 que
422 2742 579 2818 ludibrio,
607 2742 758 2825 pluribus
782 2742 914 2818 taedi03
940 2761 1003 2804 nec
1028 2743 1180 2815 deerant,
1204 2741 1261 2821 qui
1286 2739 1518 2822 propellerent

324 2862 639 2946 proculcarentque,
671 2862 706 2926 ni
732 2863 910 2927 admonitu
935 2861 1174 2925 modestissimi
1199 2861 1360 2943 cuiusque
1385 2869 1421 2924 et
1442 2861 1517 2924 aliis

323 2982 558 3046 minitantibus
581 2983 750 3047 omisisset
773 2983 1049 3065 intempestivam
1072 2980 1308 3064 sapientiam.”

369 3103 456 3166 Nam
493 3103 668 3166 Musonius
705 3101 822 3177 Rufus,
857 3103 937 3166 licet
972 3102 1175 3166 dirissimum
1211 3101 1293 3164 illud
1326 3101 1516 3165 Domitiani

322 3231 457 3304 tempus
489 3221 629 3284 fortasse
653 3241 721 3284 non
746 3222 878 3296 viderit,
903 3241 1052 3304 ergoque
1075 3220 1196 3285 Tacito
1220 3221 1402 3302 Agricolae
1427 3219 1516 3284 aliis·

322 3361 388 3424 que
412 3341 576 3404 modestis
595 3342 769 3423 cautisque
790 3341 983 3404 hominibus
1003 3349 1174 3404 certamen
1196 3361 1273 3404 cum
1294 3340 1351 3404 illo
1371 3342 1516 3416 nonsit,

320 3469 437 3524 tamen
457 3463 629 3525 communi
649 3463 683 3524 in
700 3459 834 3526 Stoicos
849 3463 977 3525 invidia
993 3462 1302 3545 comprehenditur.
1316 3461 1406 3544 Quid
1420 3464 1514 3544 quod

323 3600 365 3644 ne
397 3582 439 3645 de
470 3581 621 3646 Thrasea
649 3582 788 3664 quidem
816 3590 851 3645 et
878 3581 1009 3646 Seneca
1031 3580 1172 3663 aliisque
1198 3580 1342 3644 Neronis
1366 3581 1515 3644 victimis

322 3701 414 3783 loqui
446 3709 562 3786 potest
591 3701 740 3776 Tacitus
773 3702 854 3783 quin
879 3721 995 3763 eorum
1019 3699 1175 3763 laudibus
1198 3700 1384 3763 admisceat
1407 3700 1514 3764 amari

320 3821 458 3903 aliquid.
492 3822 614 3886 Nonne
639 3822 682 3884 de
708 3820 894 3884 Domitiani
919 3819 1131 3902 temporibus
1155 3819 1285 3902 cogitat
1306 3839 1384 3882 cum
1408 3818 1517 3881 Thra·

320 3960 411 4005 seam
447 3942 530 4005 dicit
569 3941 650 4022 ,sibi
686 3961 823 4004 causam
857 3939 996 4022 periculi
1033 3938 1161 4014 fecisse,
1197 3940 1318 4002 ceteris
1347 3938 1516 4002 libertatis

320 4061 452 4124 initium
485 4079 553 4122 non
579 4059 795 4142 praebuisse”
820 4059 877 4142 (A.
902 4058 999 4134 XIV,
1027 4056 1098 4140 12)?
1123 4058 1169 4120 Et
1192 4067 1307 4121 tamen
1333 4057 1414 4138 quid
1438 4066 1514 4119 turn

320 4180 445 4245 fecerat
469 4177 639 4242 Thrasea?
664 4180 777 4242 Locus
801 4189 852 4243 est
876 4179 977 4263 paulo
1002 4178 1186 4254 obscurior,
1211 4177 1352 4241 fortasse
1376 4198 1515 4260 corrup·

319 4307 383 4374 ωε,
404 4300 469 4362 hoc
490 4305 605 4361 tamen
627 4297 737 4361 elucet
756 4299 929 4361 obstitisse
949 4298 1134 4362 Thraseam
1155 4298 1368 4361 senatoribus
1384 4296 1513 4360 Neroni

319 4416 583 4480 abiectissimum
608 4416 641 4480 in
667 4418 805 4480 modum
830 4418 1055 4482 adulantibus.
