3228 5236
901 429 963 496 Ι54

381 612 443 672 ,ne
467 579 572 655 uerba
595 612 699 675 prave
723 594 869 670 detorta,
894 615 958 658 neu
983 594 1211 658 convivalium
1235 594 1424 658 fabularum
1449 595 1524 657 sim-

335 712 467 796 plicitas
491 712 525 775 in
550 713 676 775 crimen
701 714 891 790 duceretur,
916 713 1134 798 postulavit.”

334 830 452 912 Atque
483 832 659 912 praemisit
681 831 758 895 huic
782 833 947 916 epistolae
970 834 1159 908 exordium,
1182 835 1287 917 quod,
1312 855 1366 897 me
1389 835 1528 917 quidem

335 953 457 1028 iudice,
489 953 655 1035 insignem
684 954 717 1016 in
742 954 835 1016 omni
860 953 1032 1017 literarum
1057 954 1257 1017 Latinarum
1280 953 1420 1017 historia
1443 952 1531 1018 obti-

337 1093 417 1135 nere
440 1072 552 1135 locum
577 1081 742 1136 merctur:

382 1192 493 1275 „Quid
506 1194 652 1258 scribam
665 1194 774 1270 vobis,
788 1202 901 1276 patres
914 1194 1108 1278 conscripti,
1121 1203 1179 1258 aut
1189 1195 1364 1277 quomodo
1373 1195 1530 1271 scribam,

335 1323 393 1376 aut
424 1314 504 1396 quid
530 1315 670 1377 omnino
694 1334 762 1377 non
787 1312 933 1378 scribam
958 1313 1023 1377 hoc
1045 1323 1212 1396 tempore,
1236 1315 1272 1377 di
1297 1335 1350 1378 mc
1375 1315 1529 1396 deaeque

336 1433 432 1515 peius
456 1434 612 1516 perdant,
637 1452 738 1515 quam
763 1434 873 1516 perire
898 1454 952 1497 me
976 1434 1102 1498 cotidie
1126 1434 1247 1510 sentio,
1272 1435 1299 1498 si
1323 1433 1427 1498 scio.”

383 1553 552 1634 Equidem
566 1553 647 1617 mihi
660 1553 714 1616 hic
726 1553 843 1617 audire
855 1554 974 1617 videor
987 1574 1114 1630 senem,
1126 1575 1230 1637 quem
1243 1555 1310 1618 iam
1319 1576 1388 1619 non
1396 1555 1530 1638 imperii

337 1679 470 1735 tantum
490 1672 548 1734 sed
568 1681 602 1734 et
616 1672 719 1754 ipsius
732 1673 822 1735 vitae
834 1673 950 1754 pigeat
962 1674 1183 1754 taedeatque;
1197 1674 1255 1755 qui
1269 1673 1449 1756 imperium
1462 1693 1529 1737 non

338 1791 554 1874 appetiverit,
574 1793 634 1854 sed
654 1811 731 1856 cum
751 1791 877 1855 invitus
896 1791 978 1856 illud
994 1793 1203 1874 sumpsisset,
1217 1800 1253 1855 ut
1267 1813 1369 1874 quam
1382 1793 1532 1876 optimus

338 1918 427 1973 esset
447 1911 631 1993 imperator
650 1912 692 1973 sit
713 1920 873 1987 conatus;
893 1913 950 1994 qui
971 1919 1043 1974 tota
1064 1911 1203 1994 quidem
1223 1912 1294 1974 vita
1309 1931 1386 1974 cum
1399 1931 1532 1974 summo

338 2031 455 2094 dolore
479 2039 640 2114 expertus
662 2031 705 2094 sit
729 2032 898 2114 ingratum
922 2052 957 2095 se
981 2053 1054 2095 esse
1078 2031 1272 2096 hominibus
1296 2041 1331 2095 et
1350 2033 1465 2096 timori
1486 2032 1532 2095 in·

336 2151 498 2215 cutiendo
518 2153 685 2234 aptiorem
706 2171 808 2233 quam
828 2152 971 2216 fiduciae
991 2153 1135 2228 dandae,
1157 2153 1317 2216 extremis
1337 2172 1419 2215 vero
1436 2153 1534 2216 annis

336 2289 412 2334 sero
431 2272 630 2353 cognoverit
651 2271 759 2354 qualis
780 2271 834 2335 ille
856 2269 997 2336 Seianus
1017 2271 1127 2347 luerit,
1149 2273 1201 2334 cui
1222 2291 1258 2334 se
1278 2292 1405 2352 suaque
1418 2271 1533 2334 omnia

336 2392 554 2468 commiserit,
575 2411 686 2475 neque
706 2411 860 2456 recusare
879 2413 915 2456 sc
936 2412 1035 2474 posse
1050 2392 1175 2455 sentiat
1188 2393 1269 2473 quin
1283 2391 1370 2455 illius
1383 2389 1533 2454 facinora

337 2509 400 2573 sibi
415 2511 497 2574 vitio
511 2511 633 2574 dentur
646 2511 710 2594 (De
723 2511 862 2575 Tiberio
872 2510 984 2577 Seiani
993 2511 1282 2575 artibusobnoxio
1292 2509 1333 2574 cs.
1345 2510 1532 2574 Karstenus

339 2632 486 2714 passim).
510 2631 658 2734 ⁴Miseret
690 2631 844 2714 prolecto
876 2631 1037 2714 principis
1068 2630 1203 2713 decepti
1236 2638 1271 2693 et
1303 2631 1361 2692 vix
1391 2630 1531 2692 tandem

339 2753 478 2817 meliora
504 2753 630 2828 edocti,
653 2751 830 2835 probeque
854 2751 1071 2833 intelligimus
1096 2771 1173 2814 eum
1197 2751 1264 2812 iam
1288 2750 1370 2832 quid
1395 2750 1531 2824 scribat,

337 2873 512 2956 quomodo
538 2872 674 2947 scribat,
700 2872 782 2954 quid
807 2872 946 2934 omnino
971 2891 1039 2934 non
1062 2870 1187 2934 scribat
1212 2868 1334 2932 lrustra
1358 2889 1532 2952 quaerere.

382 2991 455 3055 Aut
479 2992 506 3054 si
532 3011 586 3055 me
609 2991 693 3054 latet
718 3010 797 3054 vera
817 2990 948 3054 exordii
967 2990 1148 3065 sententia,
1168 2988 1336 3071 singulare
1356 2989 1531 3070 quoddam

339 3121 373 3174 et
403 3111 572 3194 peculiare
604 3111 675 3174 eius
706 3110 806 3173 fuisse
838 3110 1014 3174 consilium
1042 3129 1144 3173 nemo
1168 3128 1236 3171 non
1260 3108 1438 3171 concedet.
1464 3106 1533 3171 Sed

338 3231 436 3295 simul
466 3231 657 3294 concedant
685 3249 802 3293 omnes
826 3238 964 3312 oportet
987 3227 1144 3292 Tacitum
1168 3235 1261 3291 certe
1285 3226 1385 3309 plane
1408 3224 1533 3308 fugisse

339 3351 433 3416 illud.
458 3350 554 3434 Quae
577 3352 667 3414 enirn
692 3350 842 3414 subiicit:

388 3471 509 3552 ,Adeo
529 3470 678 3535 facinora
696 3478 799 3552 atque
820 3468 948 3552 flagitia
967 3487 1027 3529 sua
1046 3466 1109 3549 ipsi
1130 3485 1267 3548 quoque
1283 3464 1317 3527 in
1329 3463 1533 3546 supplicium

339 3601 521 3659 verterant.
555 3592 675 3674 Neque
706 3589 829 3654 lrustra
857 3587 1164 3672 praestantissimus
1187 3584 1374 3668 sapientiae
1399 3582 1533 3646 firmare

340 3715 459 3779 solitus
490 3721 551 3789 est,
583 3713 610 3776 si
641 3711 858 3775 recludantur
886 3717 1110 3791 tyrannorum
1138 3713 1280 3779 mentes,
1305 3722 1404 3786 posse
1428 3701 1534 3783 aspici

339 3836 484 3900 laniatus
507 3842 542 3898 et
566 3833 662 3908 ictus,
686 3830 834 3913 quando,
859 3836 896 3892 ut
920 3845 1063 3908 corpora
1088 3823 1295 3897 verberibus,
1319 3822 1367 3883 ita
1389 3820 1534 3883 saevitia

339 3954 490 4030 libidine,
516 3953 611 4016 malis
634 3949 797 4014 consultis
815 3947 947 4010 animus
967 3944 1179 4010 dilaceretur.
1201 3940 1338 4023 Quippe
1356 3939 1532 4002 Tiberium

339 4095 407 4138 non
431 4074 575 4146 fortuna,
597 4091 666 4135 non
685 4068 884 4134 solitudines
905 4063 1142 4148 protegebant,
1162 4062 1243 4144 quin
1264 4066 1436 4124 tormenta
1456 4077 1533 4140 pec-

339 4194 422 4258 toris
446 4210 589 4271 suasque
614 4191 686 4272 ipse
710 4208 839 4271 poenas
863 4183 1046 4249 fateretur'’
1078 4225 1080 4230 ,

339 4312 441 4379 anilia
460 4317 539 4373 sunt
559 4317 594 4372 ct
613 4307 880 4371 circumforaneo
900 4312 1033 4368 oratore
1054 4303 1157 4386 digna
1177 4300 1284 4382 magis
1299 4318 1403 4381 quam
1422 4297 1533 4360 veraci

342 4430 513 4496 historico.
