3228 5236
876 486 941 548 240

315 652 474 715 Romanis
492 651 574 714 socii
595 650 726 732 possint
745 649 848 713 atteri
866 649 921 730 (de
941 650 989 711 rei
1009 649 1100 712 enim
1117 648 1289 715 familiaris
1300 650 1513 714 detrimento

315 771 397 835 illud
422 771 564 834 verbum
584 769 777 851 adhibetur)
798 768 966 850 intelligit,
988 788 1099 850 neque
1119 769 1238 832 ordine
1259 769 1415 851 procedit
1434 777 1515 833 tota

316 891 474 953 narratio.
495 890 642 964 Etenim,
664 909 741 952 curn
762 889 809 951 sic
829 897 918 950 esset
936 888 1196 970 disputandum:
1221 889 1401 970 „quoniam
1414 909 1516 952 arma

315 1011 554 1073 tantummodo
585 1017 620 1071 et
651 1010 741 1072 viros
773 1008 853 1090 (non
883 1008 1075 1090 pecuniam)
1108 1007 1346 1071 ministrabant
1376 1009 1515 1083 Batavi,

315 1149 384 1191 non
404 1127 671 1203 atterebantur”,
692 1129 861 1192 contrario
882 1147 971 1191 nunc
991 1127 1095 1190 modo
1115 1127 1334 1191 ratiocinatur
1346 1129 1516 1211 scriptor:

320 1249 500 1330 „quoniam
531 1269 599 1310 non
631 1221 737 1310 attriti
762 1255 868 1322 erant,
893 1267 987 1310 arma
1010 1249 1250 1310 tantummodo
1274 1256 1310 1310 et
1333 1250 1423 1311 viros
1446 1249 1517 1310 im-

316 1369 411 1450 perio
436 1366 704 1442 ministrabant,”
735 1367 954 1450 quodquam
979 1367 1021 1429 sit
1045 1366 1229 1430 absurdum
1254 1389 1322 1431 non
1346 1389 1432 1450 opus
1459 1377 1518 1431 est

317 1489 560 1551 demonstrare.
593 1488 736 1550 Rectam
768 1487 973 1550 emendandi
1006 1487 1095 1549 viam
1127 1486 1274 1550 Vlietius
1305 1495 1420 1550 noster
1453 1489 1519 1550 de·

318 1608 528 1682 monstravit,
561 1607 708 1670 delendo
739 1607 914 1681 Romanis;
948 1606 1008 1668 sed
1040 1606 1087 1668 sic
1118 1625 1256 1688 quoque
1287 1606 1378 1689 quod
1404 1615 1519 1670 restat

317 1727 406 1790 iusto
430 1727 544 1790 durius
564 1735 632 1789 est:
652 1727 802 1790 socictate
821 1725 911 1787 enim
931 1724 1111 1800 ablativus,
1131 1745 1249 1789 causae
1269 1745 1355 1808 quae
1374 1725 1519 1802 dicitur,

317 1848 392 1922 erit,
411 1855 446 1909 at
466 1847 579 1930 apt'bus
597 1845 765 1909 ablativus
778 1847 903 1929 partis.
925 1844 1095 1926 Equidem
1117 1852 1151 1906 et
1169 1845 1281 1926 apibus
1300 1853 1335 1908 et
1349 1846 1520 1909 Romanis

318 1989 337 2030 e
361 1968 512 2050 margine
536 1968 570 2030 in
595 1975 729 2030 textum
753 1967 925 2049 irrepsisse
949 1985 1083 2041 censeo,
1108 1985 1127 2028 e
1151 1965 1282 2028 duabus
1306 1975 1385 2028 nata
1405 1987 1521 2030 anno·

317 2087 521 2149 tationibus:
555 2087 598 2149 ad
629 2086 833 2149 validiorum
863 2085 1043 2167 adscripsit
1074 2084 1211 2167 aliquis:
1249 2084 1389 2166 „Rom”
1424 2087 1460 2168 (i.
1487 2108 1520 2149 e.

319 2207 579 2288 Romanorum),
610 2206 653 2268 ad
686 2205 815 2269 attriti:
852 2203 1013 2287 „opibus”
1046 2205 1094 2287 (ut
1125 2203 1331 2286 significaret
1360 2206 1406 2268 ad
1439 2227 1519 2268 rem

318 2324 517 2389 familiarem
547 2324 629 2388 illud
662 2325 803 2387 verbum
825 2325 1019 2407 pertinere).
1045 2323 1111 2388 Sed
1136 2333 1241 2430 restat
1263 2324 1391 2405 aliquid
1418 2328 1519 2407 quod

319 2447 469 2509 nondum
501 2466 522 2508 a
552 2463 724 2526 quoquam
757 2463 828 2506 esse
858 2444 1076 2507 observatum
1100 2445 1219 2506 miror:
1244 2452 1282 2506 ut
1304 2451 1397 2506 totus
1422 2465 1522 2508 nunc

317 2565 412 2628 locus
436 2565 523 2627 bene
547 2565 714 2639 decurrat,
738 2563 978 2627 emendatione
1002 2583 1088 2644 opus
1111 2571 1173 2637 est,
1194 2583 1261 2645 qua
1281 2563 1388 2626 lenior
1410 2565 1521 2640 nulla,

316 2684 343 2746 si
368 2683 435 2746 iam
459 2682 654 2745 emendatio
678 2682 745 2745 dici
771 2690 884 2764 potest
905 2701 993 2745 nova
1014 2681 1194 2744 verborum
1214 2683 1405 2746 distinctio:
1428 2683 1519 2747 illud

320 2803 430 2884 ¹,viros
459 2811 593 2866 tantum
617 2821 778 2884 armaque
802 2802 945 2884 imperio
970 2800 1228 2864 ministrabant”
1252 2802 1286 2864 in
1303 2803 1519 2885 parenthesi,

318 2931 356 2984 ut
388 2923 520 2997 dicitur,
546 2929 597 2984 est
620 2922 868 2996 collocandum,
893 2929 930 2983 ut
953 2940 1014 2984 sua
1038 2921 1142 2984 verba
1165 2922 1238 3003 ipse
1262 2922 1440 3004 explicans
1469 2925 1521 2987 in·

320 3040 463 3103 ducatur
491 3040 640 3102 Tacitus.
673 3039 763 3102 Vide
795 3060 897 3121 quam
929 3039 1017 3103 bene
1046 3060 1136 3103 nunc
1167 3041 1281 3105 omnia
1305 3042 1522 3106 cohaereant

318 3168 353 3223 et
378 3179 481 3241 quam
505 3161 572 3222 sint
596 3161 790 3242 perspicua:
819 3159 912 3239 ,Nec
936 3160 1100 3223 societate
1118 3160 1320 3223 validiorum
1339 3161 1453 3224 attriti
1476 3199 1524 3208 -

320 3281 409 3342 viros
439 3287 573 3342 tantum
597 3298 758 3361 armaque
782 3279 925 3361 imperio
950 3280 1186 3344 ministrabant
1211 3317 1264 3356 —,
1290 3281 1347 3342 diu
1372 3279 1525 3345 Germa·

320 3399 403 3461 nicis
427 3398 523 3461 bellis
547 3399 696 3473 exerciti,
719 3419 799 3461 mox
819 3407 919 3462 aucta
938 3419 999 3481 per
1019 3398 1228 3463 Britanniam
1248 3399 1355 3481 gloria
1374 3419 1404 3461 e.
1417 3419 1456 3482 q.
1470 3400 1523 3464 εἶ’

365 3518 409 3580 H.
431 3517 491 3594 IV,
515 3518 565 3599 36.
591 3517 681 3580 Dum
701 3517 844 3594 Vocula,
864 3519 922 3600 qui
940 3520 1044 3582 modo
1058 3519 1185 3582 Vetera
1199 3520 1288 3583 haud
1301 3520 1523 3603 improspere

317 3645 438 3701 contra
461 3635 576 3700 Civilis
601 3637 767 3719 impetum
790 3636 1000 3713 defenderat,
1025 3658 1102 3701 cum
1128 3658 1251 3720 magna
1274 3648 1372 3721 parte
1396 3642 1522 3724 copia-

318 3777 391 3820 rum
416 3756 657 3820 frumentatum
681 3756 796 3819 abest:

366 3877 507 3956 „iterum
531 3874 552 3958 ¹)
584 3875 699 3940 Civilis
731 3875 860 3939 Vetera
894 3876 1120 3939 circumsedit.
1154 3876 1286 3940 Vocula
1316 3875 1518 3942 Geldubam

318 4003 421 4078 atque
456 3997 535 4060 inde
572 3991 778 4058 Novaesium
811 3995 987 4058 concessit.
1024 3995 1140 4058 Civilis
1174 3996 1267 4078 capit
1298 3995 1518 4074 Geldubam;

321 4137 401 4180 mox
420 4116 503 4180 haut
524 4115 640 4198 procul
662 4108 832 4179 Novaesio
849 4115 997 4197 equestri
1016 4115 1146 4198 proelio
1159 4136 1320 4200 prospere
1332 4117 1519 4181 certavit.’'

359 4333 385 4399 r)
409 4333 521 4396 Iterum,
545 4330 582 4379 sic
608 4345 622 4379 e
647 4337 716 4381 certa
740 4331 886 4396 Nipperdei
912 4331 1094 4382 emendatione
1112 4332 1252 4398 legendum
1271 4339 1310 4381 est
1330 4347 1377 4395 pro
1396 4331 1519 4382 interim.

321 4420 343 4467 E
369 4433 392 4468 c.
416 4419 486 4467 enim
511 4429 546 4480 34
570 4425 635 4466 extr.
654 4417 757 4481 liquido
776 4423 885 4481 apparet
903 4417 930 4466 in
950 4420 1098 4482 praesentia
1117 4418 1228 4469 Civilem
1246 4427 1388 4468 castrorum
1408 4417 1519 4468 illorum

321 4503 486 4553 obsidionem
504 4503 631 4553 omisisse.
