3248 5230
649 437 708 500 261

89 620 229 682 triennio
259 640 321 682 non
353 619 481 681 introiit
513 619 659 694 curiam;
691 617 803 702 abfuit
833 638 910 680 cum
942 616 1075 681 Silanus
1106 625 1140 680 ct
1165 617 1274 680 Vetus

87 739 414 814 condemnabantur;
438 739 508 802 sine
530 757 610 801 cura
633 738 664 800 ei
688 745 739 800 est
763 737 852 800 salus
877 737 1031 812 Neronis,
1055 737 1125 800 sine
1143 735 1273 800 honore

84 879 140 932 ars,
179 859 375 941 Poppaeam
410 858 524 920 divam
556 879 617 922 non
649 859 768 921 credit.
803 857 849 920 Et
880 865 994 920 tamen
1029 857 1111 918 mire
1143 856 1273 942 dictum

85 978 159 1041 mihi
185 977 266 1041 illud
291 998 353 1040 non
370 979 497 1062 fecerit
516 978 661 1053 videtur,
683 977 884 1059 quotiesque
905 975 995 1058 leg0,
1017 976 1151 1038 haereo.
1172 973 1272 1039 Certe

85 1099 266 1160 admodum
291 1097 380 1159 exile
404 1104 455 1159 est
479 1097 605 1178 vixque
630 1097 672 1159 ad
698 1097 732 1160 id
756 1095 1026 1179 significandum,
1050 1096 1142 1177 quod
1164 1096 1273 1178 requi·

86 1217 172 1292 ritur,
197 1217 330 1279 sufficit.
357 1215 687 1299 subintelligendum
712 1215 781 1279 iere
806 1223 857 1278 est
880 1215 992 1290 denuc,
1018 1213 1153 1278 aliudve
1175 1234 1273 1278 voca·

87 1333 209 1410 bulum,
241 1337 334 1417 quod
365 1356 433 1420 non
466 1335 513 1398 ita
545 1334 642 1399 facilc
676 1343 790 1398 mente
815 1335 1001 1417 suppletur.
1026 1333 1168 1417 Semper
1191 1355 1272 1416 ergo

87 1455 234 1536 suspicor
266 1474 328 1537 pro
359 1475 421 1518 non
452 1454 632 1538 legendam
658 1475 729 1518 csse
761 1474 891 1530 vocem,
922 1475 1009 1536 quae
1040 1453 1108 1517 fere
1133 1455 1271 1518 eosdem

88 1573 255 1638 literarum
287 1575 391 1638 habet
423 1575 562 1638 ductus:
599 1576 699 1657 „quid
731 1573 882 1638 Thrasea
912 1575 989 1638 novi
1011 1573 1159 1638 lecerit”.
1183 1574 1272 1637 Tum

87 1714 220 1776 quoque
241 1695 439 1777 praesertim
460 1696 503 1757 de
524 1696 562 1757 iis
583 1694 683 1757 rebus
698 1714 771 1757 esse
783 1669 1013 1777 cogitandum,
1027 1715 1111 1776 quas
1121 1693 1273 1757 Thrasea

86 1813 191 1876 facere
210 1815 253 1876 sit
274 1822 481 1896 aspernatus,
504 1834 556 1876 res
576 1815 648 1896 ipsa
668 1814 827 1895 loquitur,
847 1814 908 1877 sed
929 1814 1018 1877 idem
1032 1834 1120 1878 nunc
1135 1814 1272 1877 demum

86 1941 173 1996 recte
196 1933 438 2017 eleganterque
461 1941 513 1996 est
536 1933 760 1996 enuntiatum.

127 2171 221 2246 XVI,
248 2187 300 2250 24.
333 2169 493 2246 Thrasea,
526 2172 579 2232 cui
603 2179 695 2233 certa
719 2170 786 2232 iam
811 2166 863 2232 est
887 2179 1006 2252 parata
1030 2171 1204 2252 pernicieS,
1229 2170 1271 2233 ad

87 2290 255 2354 Neronem
278 2290 393 2353 literas
418 2290 522 2352 mittit
546 2309 629 2371 quas
653 2289 707 2351 ille
727 2289 827 2353 avide
847 2290 964 2370 arripit
984 2290 1160 2371 aperitque
1181 2297 1273 2351 ratus

87 2409 267 2474 Thraseam
300 2411 509 2493 supplicibus
540 2411 697 2493 precibus
728 2411 862 2472 veniam
895 2417 1089 2492 rogaturum
1121 2409 1271 2491 aliaque,

87 2551 170 2611 quae
206 2530 309 2612 priori
346 2532 418 2592 eius
449 2531 538 2592 vitae
575 2531 733 2594 afferrent
765 2529 931 2605 dedecus,
967 2528 1132 2594 facturum
1165 2529 1271 2592 dictu·

87 2669 239 2732 rumque:

131 2767 249 2851 ,Quod
274 2769 331 2832 ubi
357 2789 424 2832 non
449 2769 564 2832 evenit
588 2769 786 2850 vultumque
811 2776 846 2831 et
869 2769 1005 2850 spiritus
1025 2776 1059 2830 et
1079 2767 1271 2832 libertatem

85 2889 224 2951 insontis
247 2888 335 2952 ultro
358 2889 526 2964 extimuit,
552 2889 665 2952 vocari
691 2897 803 2970 patres
827 2887 954 2950 iubet.”

129 3007 157 3070 E
186 3009 459 3090 splendidissima
489 3008 579 3070 haud
611 3008 713 3070 dubie
745 3008 985 3071 emendatione
1010 3007 1164 3070 Rhenani
1189 3006 1271 3072 illud

85 3128 170 3207 quod
197 3129 253 3192 ubi
274 3149 336 3192 non
359 3128 465 3192 evenit
487 3135 605 3190 natum
629 3134 691 3203 est,
717 3147 794 3190 nam
820 3128 854 3190 in
878 3128 996 3190 codice
1020 3135 1071 3190 cst
1093 3149 1156 3209 quo
1177 3129 1273 3192 dubie

85 3267 145 3309 non
175 3249 271 3323 venit,
305 3248 351 3310 ita
383 3255 420 3310 ut
447 3248 491 3310 ad
515 3247 697 3310 lectionem
721 3268 816 3310 suam
841 3247 1079 3330 proferendam
1104 3268 1146 3311 ne
1169 3268 1271 3311 unam

85 3367 222 3448 quidem
244 3366 411 3430 literulam
435 3367 616 3442 addiderit,
641 3368 838 3450 dempserit,
863 3368 1044 3430 mutaverit
1069 3367 1270 3432 Rhenanus:

84 3485 289 3567 transposuit
312 3487 552 3549 tantummodo
575 3486 689 3549 literas
712 3487 766 3549 vel
790 3486 887 3549 aliter
910 3487 1075 3549 distinxit.
1099 3486 1149 3549 At
1168 3507 1270 3569 quam

85 3623 148 3686 ego
178 3606 455 3669 emendationem
488 3625 655 3689 propon0,
687 3627 728 3669 ea
759 3615 796 3669 ut
820 3625 886 3668 una
917 3605 1014 3668 litera
1044 3607 1212 3669 eximatur
1236 3617 1271 3671 et

84 3722 149 3785 alio
167 3722 243 3787 loco
264 3745 330 3788 una
342 3726 488 3788 addatur
500 3726 622 3790 lineola
635 3725 794 3808 postulat.
814 3726 1015 3806 Legendum
1028 3725 1118 3787 enim
1131 3747 1270 3791 censeo:

89 3842 197 3922 ,quod
223 3843 279 3906 ubi
304 3864 372 3907 non
394 3834 497 3908 {venit
520 3843 707 3926 (invenit).”
733 3844 821 3906 Nam
845 3864 933 3907 nunc
955 3844 1091 3908 demum
1113 3854 1215 3923 recte,
1236 3855 1271 3911 et

84 3962 175 4042 quod
196 3963 239 4026 ad
259 3972 461 4027 structuram
482 3964 671 4025 sententiae
692 3971 726 4025 et
746 3964 789 4025 ad
807 3964 988 4027 verborum
1002 3965 1150 4048 pertinet
1163 3986 1270 4043 usum,

85 4082 166 4145 haec
198 4089 441 4146 annectuntur:
478 4079 708 4162 ,Vultumque
740 4089 774 4143 et
798 4081 991 4146 libertatem
1016 4084 1158 4147 insontis
1182 4084 1271 4148 ultro

83 4202 278 4267 extimuit”:
310 4211 443 4267 tantum
475 4201 593 4265 aberat
625 4209 661 4263 ut
691 4201 878 4282 quidquam
910 4203 1046 4266 demissi
1077 4204 1270 4286 abiectique

84 4323 248 4386 inveniret
280 4331 317 4386 ut
348 4323 585 4385 extimesceret
617 4320 744 4402 potius:
776 4321 823 4383 sic
854 4321 930 4392 illae
961 4322 1078 4388 literae
1106 4324 1270 4386 sermonis

82 4440 237 4504 libertate
258 4441 288 4503 ei
309 4439 516 4522 intrepidum
536 4439 679 4503 insontis
698 4438 828 4502 vultum
848 4441 1023 4523 ponebant
1043 4451 1123 4506 ante
1143 4444 1269 4507 oculos.
