3248 5230
883 429 947 492 286

365 606 409 668 H.
435 607 495 681 IV,
520 624 574 688 49.
606 606 790 687 Postquam
822 606 981 688 exposuit
1011 606 1068 687 qui
1100 605 1227 669 sactum
1251 607 1295 668 sit
1316 613 1353 668 ut
1375 607 1411 669 in
1434 627 1512 688 pro·

320 725 431 788 vincia
450 724 568 787 Africa
588 731 722 806 praeter
734 723 972 806 proconsulem
984 724 1119 786 adesset
1131 723 1263 805 legatus
1276 743 1352 786 cunr
1366 724 1512 807 legione,

320 864 424 925 seque
461 844 616 925 ignorare
656 842 841 906 declaravit
875 843 1049 924 quomodo
1081 863 1134 906 res
1164 864 1285 919 novae,
1317 845 1360 906 de
1389 844 1514 925 quibus

320 983 397 1027 cum
419 963 566 1026 maxime
587 971 708 1038 narrat,
731 963 764 1025 in
784 982 825 1025 ea
837 963 1012 1046 provincia
1024 969 1119 1026 ortae
1131 963 1216 1026 sint:
1235 962 1513 1027 sollicitaveritne

321 1084 478 1148 Pisonem
511 1082 747 1167 proconsulem
779 1083 901 1146 Festus
925 1082 1055 1164 legatus
1079 1103 1121 1146 an
1146 1082 1295 1165 legatum
1320 1081 1513 1167 proconsul,

320 1205 368 1267 sic
393 1204 504 1286 pergit
527 1203 682 1266 Tacitus:

284 1349 289 1359 ·
370 1324 462 1404 ,Nec
486 1321 668 1404 ambigitur
692 1321 902 1403 provinciam
925 1330 961 1384 et
985 1321 1127 1384 militem
1151 1321 1299 1385 alienato
1323 1341 1404 1404 erga
1427 1321 1514 1385 Ves-

321 1443 499 1526 pasianum
522 1442 637 1505 animo
662 1441 779 1516 fuisse3
803 1449 839 1503 et
862 1440 1000 1522 quidam
1025 1461 1043 1503 e
1064 1439 1257 1504 Vitellianis
1277 1441 1360 1504 urbe
1380 1440 1515 1524 profugi

323 1562 543 1625 ostentabant
577 1562 690 1624 Pisoni
726 1568 885 1623 nutantes
920 1559 1065 1635 Gallias,
1100 1567 1252 1643 paratam
1285 1559 1514 1634 Germaniam,

322 1681 472 1764 pericula
496 1682 600 1764 ipsius
623 1680 716 1743 etin
742 1699 826 1763 pace
849 1688 1008 1763 suscepto
1032 1679 1137 1742 tutius
1161 1679 1321 1743 bellum.”

368 1803 471 1866 Haud
490 1802 593 1865 dubie
613 1809 809 1884 corruptum
828 1812 983 1883 suscepto,
1004 1799 1063 1863 sed
1077 1801 1169 1881 quod
1182 1800 1329 1864 coniecit
1342 1799 1518 1864 Victorius

322 1923 539 2006 probantque
571 1920 723 2004 plerique
751 1919 899 1983 editores
921 1930 1076 2002 suspecto,
1100 1939 1143 1982 eo
1166 1920 1287 1982 vitium
1311 1939 1378 1982 non
1403 1939 1517 2002 persa·

323 2050 432 2105 natur.
469 2039 562 2103 Nihil
597 2040 687 2103 enim
719 2059 809 2102 nunc
839 2039 1090 2121 comparativus
1121 2039 1224 2103 tutius
1254 2058 1322 2119 quo
1353 2038 1520 2101 referatur

323 2161 439 2224 habet.
465 2160 665 2241 Legendum
685 2177 826 2221 censeo:
851 2177 953 2240 „pace
973 2166 1130 2241 suspecta
1150 2159 1255 2220 tutius
1273 2157 1422 2221 bellum”
1442 2158 1463 2220 i.
1484 2178 1518 2221 e.

324 2288 479 2362 apertum
503 2278 630 2342 bellum
654 2284 804 2359 praestat
828 2277 914 2358 paci,
939 2275 972 2338 in
997 2296 1065 2358 qua
1087 2297 1222 2358 semper
1245 2277 1357 2340 tacitis
1378 2276 1422 2340 sis
1445 2297 1520 2340 sus·

324 2400 515 2483 picionibus
545 2397 724 2461 obnoxius.
756 2395 830 2458 Tali
863 2416 980 2458 revera
1011 2415 1095 2478 pace
1126 2395 1279 2459 Africam
1305 2397 1519 2478 provinciam

323 2541 417 2583 usam
452 2539 525 2581 esse
555 2538 600 2581 ex
622 2518 672 2592 iis,
697 2536 784 2598 quae
808 2515 996 2590 citavimus,
1018 2524 1171 2597 apparet,
1195 2514 1435 2598 eleganterque
1460 2515 1521 2578 illa

321 2651 470 2723 suspecta
488 2647 563 2722 pax
587 2637 788 2720 appellatur.

368 2878 413 2940 H.
444 2877 505 2952 IV,
539 2879 591 2941 80.
624 2874 709 2940 Orta
740 2875 828 2937 inter
860 2873 1056 2936 Mucianum
1082 2873 1298 2955 Primumque
1323 2873 1518 2936 Antonium

324 2997 503 3072 discordia,
538 2996 581 3058 ad
616 2994 866 3077 Vespasianum
903 2993 957 3055 hic
992 2992 1225 3075 proficiscitur.
1261 2992 1393 3055 Dubius
1428 2993 1523 3056 inter

324 3127 505 3199 utrumque
536 3115 653 3177 haeret
685 3115 859 3196 princeps:
891 3132 979 3194 quae
1007 3112 1074 3175 sint
1097 3111 1242 3174 Antonii
1266 3113 1309 3175 de
1332 3133 1393 3175 sua
1417 3132 1523 3176 causa

325 3236 445 3300 merita
466 3234 573 3317 probe
594 3233 698 3307 novit,
719 3232 780 3294 sed
801 3231 947 3293 eundem
968 3239 1006 3292 ut
1025 3231 1193 3294 tumidum
1212 3241 1247 3294 et
1264 3232 1322 3295 vix
1339 3231 1521 3295 ferendum

324 3363 445 3420 notant
469 3354 504 3417 et
529 3353 677 3416 Muciani
702 3350 866 3433 epistolae
891 3349 926 3412 et
949 3359 1139 3414 ceterorum
1163 3372 1354 3416 sermones:

371 3475 512 3557 ,Neque
534 3475 605 3556 ipse
630 3469 825 3553 (Antonius)
851 3470 968 3532 deerat
991 3469 1191 3552 adrogantia
1214 3492 1336 3535 vocare
1360 3471 1521 3548 offensas,

324 3595 446 3660 nimius
469 3590 776 3656 commemorandis
800 3607 887 3670 quae
912 3589 1122 3652 meruisset.”

370 3714 470 3778 Haud
503 3711 606 3776 dubie
637 3719 717 3773 ante
740 3727 859 3772 vocare
881 3707 1008 3770 excidit
1032 3727 1056 3790 p
1080 3710 1177 3794 (pro).
1203 3710 1290 3772 Nam
1315 3729 1400 3792 quos
1423 3709 1522 3773 locos

325 3834 478 3897 Heraeus
507 3832 549 3896 ad
575 3830 720 3914 simplex
744 3827 884 3892 vocandi
906 3827 1047 3890 verbum
1072 3829 1325 3893 defendendum
1349 3828 1457 3906 affert,
1483 3830 1521 3892 in

324 3954 364 4018 iis
388 3953 546 4036 praesidii
571 3951 652 4014 nihil
677 3957 748 4012 est:
774 3947 821 4010 ibi
845 3947 936 4008 enim
960 3967 1028 4011 non
1052 3969 1108 4012 res
1130 3949 1243 4031 aliqua
1262 3951 1322 4012 sed
1341 3949 1436 4012 homo
1456 3948 1523 4011 ob-

325 4074 451 4136 iectum
471 4081 539 4134 est:
565 4071 609 4132 H.
623 4069 667 4144 V,
690 4083 746 4149 25:
771 4066 816 4146 ,si
838 4066 1001 4148 populum
1022 4067 1215 4132 Romanum
1236 4069 1338 4132 armis
1357 4065 1522 4143 vocent'’,

326 4191 370 4256 H.
396 4190 439 4266 II,
464 4193 501 4254 81
541 4188 708 4269 ,singulos
740 4185 878 4249 nomine
909 4187 1001 4249 ciens
1032 4189 1190 4269 praemiis
1221 4187 1370 4251 vocans”
1402 4187 1522 4270 (atque

326 4310 380 4373 hic
404 4317 514 4371 totum
539 4305 619 4368 illud
634 4304 801 4388 praemiis
821 4323 941 4366 vocans
961 4305 1143 4370 delendum
1165 4327 1237 4370 esse
1256 4327 1358 4388 supra
1377 4307 1523 4368 demon-

324 4428 458 4510 stravi),
483 4425 596 4490 Germ.
623 4443 677 4504 14:
694 4427 848 4504 '„vocare
868 4420 1002 4486 hostem
1023 4433 1057 4487 et
1078 4425 1216 4488 vulnera
1235 4424 1389 4488 mereri'’.
1414 4423 1520 4506 Quod
