3248 5230
896 429 961 510 256

334 609 527 682 relativum,
564 609 656 690 quod
691 607 791 672 aliam
825 608 1106 690 significationem
1138 609 1289 672 eiusdem
1321 609 1525 672 substantivi

334 727 484 809 requirit.
507 725 645 808 Quanto
670 727 788 790 melius
811 728 936 790 omisso
957 749 1022 810 qna
1041 727 1208 810 legemus:
1233 737 1367 809 „tamen
1387 729 1524 790 retineri

335 853 445 908 castra
469 845 605 928 e.q.s.”
631 846 650 908 i.
665 865 694 908 e.
718 854 844 921 tamen,
870 846 924 910 vel
948 847 1006 921 sic,
1030 846 1224 928 quicunque
1247 854 1320 909 erat
1343 855 1451 910 status
1474 867 1525 909 re-

334 985 418 1039 rum,
442 963 530 1026 bene
554 984 607 1027 res
630 964 701 1045 geri
725 973 870 1046 poterat,
894 966 1026 1028 simodo
1049 965 1113 1028 sibi
1137 966 1345 1029 constitisset
1368 966 1502 1030 Paetus

380 1200 424 1265 A.
449 1202 528 1277 XV,
558 1203 606 1266 16.
635 1201 762 1266 Castris
794 1202 1025 1266 Romanorum
1057 1205 1115 1266 diu
1146 1204 1291 1267 obsessis
1315 1203 1529 1286 Vologaeses

335 1323 480 1405 potitur:

384 1441 562 1522 „Ceterum
594 1441 741 1504 obsessis
771 1442 858 1505 adeo
882 1442 1154 1524 suppeditavisse
1177 1462 1249 1506 rem
1272 1443 1528 1506 frumentariam

265 1565 273 1572 ’
336 1562 499 1635 constitit,
534 1569 573 1623 ut
607 1559 736 1623 horreis
768 1561 881 1643 ignem
914 1561 1088 1636 inicerent,
1120 1571 1307 1643 contraque
1339 1562 1529 1644 prodiderit

336 1680 485 1746 Corbulo
510 1680 651 1743 Parthos
675 1679 794 1762 inopes
818 1682 991 1763 copiarum
1012 1688 1048 1743 et
1068 1680 1194 1764 pabulo
1213 1682 1332 1745 attrito
1351 1680 1529 1744 relicturos

335 1798 661 1883 oppugnationem.”

381 1919 451 1982 Vix
474 1939 680 2001 quemquam
704 1938 777 1983 esse
801 1917 933 2002 opinor,
958 1919 1011 1982 cui
1034 1921 1124 1983 istud
1145 1932 1322 2004 contraque
1333 1920 1530 2005 prodiderit

335 2058 455 2102 sanum
485 2037 656 2114 videatur;
687 2039 940 2102 coniunctivum
972 2039 1026 2102 hic
1058 2039 1134 2102 ferri
1166 2059 1234 2103 non
1258 2060 1358 2122 posse
1382 2049 1531 2104 constat.

337 2157 464 2240 Quidni
483 2156 635 2240 legamus
659 2165 918 2240 „contraquam
938 2149 1091 2241 prodidit
1103 2157 1294 2223 Corbulo''?
1314 2159 1353 2223 In
1366 2169 1530 2243 promptu

339 2277 420 2340 mihi
442 2296 531 2340 nunc
550 2277 605 2340 alii
626 2277 691 2340 loci
712 2277 843 2340 Tacitei
864 2298 932 2340 non
953 2287 1041 2352 sunt,
1063 2279 1119 2341 ubi
1140 2291 1255 2343 contra
1273 2300 1373 2362 quam
1385 2281 1530 2362 legatur,

338 2416 448 2478 neque
471 2395 567 2459 lubet
589 2397 661 2459 eius
684 2397 731 2458 rei
755 2416 857 2460 causa
878 2397 987 2460 lexica
1011 2407 1044 2460 et
1069 2399 1198 2461 indices
1222 2399 1430 2480 pervolvere.
1457 2401 1532 2462 Fac

336 2517 427 2581 enim
452 2536 618 2597 nusquam
642 2516 722 2579 alibi
746 2515 828 2579 illud
851 2517 1004 2592 inveniri,
1030 2537 1114 2580 eane
1134 2518 1257 2582 idonea
1277 2538 1377 2581 causa
1397 2527 1449 2581 est
1469 2539 1531 2581 cur

336 2656 378 2699 ne
409 2635 513 2698 semel
537 2635 676 2717 quidem
700 2634 856 2698 Tacitum
881 2655 977 2698 usum
1002 2635 1174 2700 locutione
1196 2645 1267 2699 tam
1292 2637 1379 2699 bene
1404 2636 1532 2700 Latina

335 2764 474 2836 tamque
499 2753 700 2837 pervulgata
718 2762 916 2829 statuamus,
937 2755 1040 2835 idque
1060 2775 1101 2818 eo
1121 2754 1198 2820 loco
1219 2755 1276 2818 ubi
1295 2756 1353 2818 vix
1373 2754 1441 2818 ullo
1462 2755 1532 2818 alio

337 2876 440 2938 modo
464 2875 498 2937 id
524 2873 616 2956 quod
640 2873 866 2954 requireretur
889 2874 1069 2956 significari
1094 2873 1263 2956 potuerit?

383 3114 427 3176 A.
449 3113 528 3188 XV,
550 3113 602 3193 38.
623 3111 778 3175 Ardente
797 3111 881 3174 urbe
901 3111 935 3174 in
956 3131 1075 3174 omnes
1095 3120 1208 3195 partes
1229 3111 1534 3194 diffugiuntcives:

386 3233 451 3314 „Et
474 3253 587 3314 saepe,
611 3233 693 3294 dum
718 3232 751 3293 in
775 3239 908 3313 tergum
932 3239 1136 3314 respectant,
1160 3231 1322 3294 lateribus
1341 3239 1400 3294 aut
1419 3230 1534 3294 fronte

338 3350 700 3424 circumveniebantur,
725 3349 779 3413 vel
803 3349 829 3412 si
854 3349 888 3412 in
912 3351 1069 3431 proxima
1092 3358 1279 3426 evaserant,
1305 3349 1369 3414 illis
1391 3370 1532 3433 quoque

337 3473 407 3554 igni
436 3471 610 3553 correptis,
642 3470 745 3532 etiam
776 3489 864 3551 quae
888 3469 1074 3552 longinqua
1097 3471 1322 3545 crediderant,
1346 3470 1380 3532 in
1404 3471 1531 3533 eodem

338 3612 416 3655 casu
441 3587 688 3673 reperiebant.”

383 3711 449 3774 Hic
481 3711 639 3792 equidem
672 3707 855 3771 desiderari
887 3708 1049 3789 quiddam
1081 3728 1214 3771 censeo.
1244 3709 1283 3771 In
1309 3709 1414 3771 verbo
1439 3708 1532 3770 enim

338 3831 545 3914 reperiebant
575 3829 665 3893 haud
698 3826 801 3890 dubie
832 3828 920 3888 inest
948 3827 1151 3908 significatio
1182 3829 1236 3890 τοῦ
1272 3847 1367 3907 „cum
1392 3827 1534 3909 propius

338 3948 597 4013 accessissent”:
622 3947 734 4011 omitti
759 3947 793 4009 id
818 3947 890 4010 sine
910 3946 1036 4009 damno
1057 3955 1192 4030 poterat
1212 3948 1291 4029 quia
1310 3947 1422 4029 quivis
1440 3946 1533 4008 istud

340 4069 546 4153 reperiebant
576 4066 692 4147 legens
723 4073 838 4128 mente
869 4073 941 4128 erat
972 4064 1198 4147 suppleturus.
1235 4066 1328 4148 Ergo
1353 4066 1533 4148 longinqua

340 4189 444 4252 habet
475 4185 569 4269 quod
601 4193 692 4246 recte
724 4185 755 4247 ei
788 4193 983 4266 opponatur
1013 4185 1136 4266 (ipsum
1160 4185 1241 4249 illud
1271 4204 1366 4264 ,curn
1394 4184 1536 4268 propius

340 4301 580 4370 accessissent”
613 4303 705 4383 qnod
738 4303 771 4364 in
807 4302 1062 4384 „reperiebant”
1095 4305 1203 4380 inest).
1245 4304 1386 4386 Propius
1417 4311 1531 4367 autem

340 4423 488 4507 aggressi
522 4422 616 4484 iocos
650 4421 724 4484 illos
759 4420 974 4502 reperiebant
1010 4423 1061 4500 ,in
1093 4424 1215 4486 eodem
1246 4422 1358 4486 statu”
1392 4424 1412 4485 i.
1432 4441 1460 4484 e.
1492 4429 1531 4481 ut
