3228 5236
876 451 939 516 ²32

313 615 554 697 Nipperdeius‚
575 616 635 678 sed
657 616 749 697 quod
770 616 825 679 ille
845 618 942 680 dedit
955 616 1182 700 popularitate
1194 634 1304 697 neque
1316 614 1509 678 admodum

311 735 450 818 elegans
481 745 532 800 est
565 757 626 800 nec
659 737 848 800 verisimile.
885 736 920 801 Si
952 739 1027 820 quis
1057 737 1092 802 et
1116 737 1291 800 Taciteam
1313 736 1511 799 orationem

312 857 505 919 restitutam
538 856 573 919 et
604 858 798 919 convictum
832 856 1111 939 interpolatorem
1143 857 1247 938 cupit,
1278 864 1389 919 totum
1420 853 1510 917 illud

304 987 373 1058 pro
409 976 563 1041 claritate
597 985 656 1040 aut
691 976 804 1040 deleat
838 986 897 1040 aut
932 979 1045 1040 denuo
1082 977 1115 1039 in
1147 977 1333 1058 marginem
1364 975 1511 1056 releget.

312 1096 396 1159 Cum
421 1097 510 1159 enirn
534 1097 708 1178 eleganter
728 1098 866 1179 quidem
887 1098 946 1160 sed
968 1097 1070 1180 paulo
1089 1097 1264 1160 obscurius
1283 1096 1512 1178 significasset

311 1216 453 1280 Tacitus
485 1215 650 1280 Sabinum
681 1236 754 1279 esse
779 1224 984 1290 accusatum,
1008 1218 1100 1298 quod
1125 1217 1158 1279 in
1183 1203 1423 1298 proconsulat‘u
1446 1235 1511 1296 ge-

313 1338 419 1400 rendo
446 1355 514 1399 non
539 1344 609 1399 tam
634 1336 806 1419 publicum
827 1336 1046 1399 commodum
1067 1356 1168 1418 quam
1189 1356 1287 1398 suum
1303 1343 1510 1418 spectasset,

313 1458 492 1520 annotavit
524 1456 645 1538 aliquis
672 1468 738 1539 pro
768 1457 932 1532 claritate,
964 1477 1087 1539 nempe
1115 1465 1152 1519 ut
1176 1456 1316 1518 doceret
1340 1455 1509 1520 Sabinum

313 1576 390 1638 huic
427 1576 474 1637 rei
510 1577 708 1657 praesertim
744 1577 777 1638 in
813 1577 986 1659 provincia
1022 1575 1157 1640 dedisse
1189 1595 1329 1658 operam
1363 1583 1400 1636 ut
1432 1573 1509 1656 ipse

313 1695 560 1759 inclaresceret.
585 1695 631 1758 Et
655 1696 743 1758 bene
767 1697 905 1778 quidem
930 1697 1041 1759 Taciti
1067 1695 1240 1778 perspexit
1265 1702 1413 1758 mentem
1438 1693 1509 1768 ille,

314 1817 372 1878 sed
388 1815 526 1898 pulchre
539 1815 786 1878 conformatam
799 1815 1019 1878 sententiam:
1038 1816 1216 1897 ,quodque
1229 1813 1509 1896 proconsulatum

313 1934 377 1997 sibi
398 1935 512 2016 potius
532 1935 829 1997 accommodatum
843 1955 945 2017 quam
959 1954 1002 1996 ex
1015 1933 1160 1996 utilitate
1174 1933 1346 1996 communi
1359 1931 1509 2014 egisset”

314 2055 464 2136 corrupit
489 2055 546 2136 qui
570 2055 838 2129 annotationem,
864 2055 1019 2137 quamvis
1048 2054 1261 2136 prudentem,
1285 2052 1478 2116 admiscuit.

360 2174 414 2236 Ex
427 2173 591 2238 Historiis
603 2175 706 2237 hosce
719 2175 917 2256 praesertim
931 2175 1023 2238 locos
1036 2173 1122 2237 hanc
1137 2171 1288 2256 flagitare
1302 2173 1510 2236 medicinam

315 2295 452 2376 opinor:

362 2413 405 2476 H.
427 2413 452 2488 Ι,
475 2429 503 2476 2.
523 2413 621 2476 Brevi
634 2422 821 2496 conspectu
835 2413 923 2477 mala
936 2432 1147 2488 enumerans,
1160 2412 1283 2495 quibus
1295 2432 1337 2475 eo
1350 2420 1509 2494 tempore

315 2534 359 2596 sit
377 2532 501 2596 afflicta
520 2532 722 2615 respublica,
742 2535 785 2596 de
802 2553 870 2615 quo
888 2534 954 2596 iarn
974 2534 1017 2596 sit
1035 2534 1228 2616 scripturus,
1243 2540 1277 2594 et
1289 2532 1355 2595 alia
1367 2531 1509 2594 Tacitus

315 2652 443 2736 profert
468 2660 502 2715 et
526 2653 608 2715 hoc:

364 2772 503 2850 ,hausta
529 2781 587 2835 aut
613 2772 735 2835 obruta
759 2771 998 2835 fecundissima
1022 2771 1229 2854 Campaniae
1253 2770 1345 2835 ora.”

361 2889 484 2954 Statim
517 2892 597 2954 dedi
628 2891 752 2966 locum,
784 2893 871 2954 sicut
896 2911 1012 2954 revera
1036 2913 1056 2955 a
1080 2892 1202 2955 Tacito
1226 2900 1278 2954 est
1303 2893 1448 2974 scriptus
1473 2899 1509 2953 et

316 3011 402 3072 sicut
432 3030 510 3072 eum
535 3009 731 3073 Woelfflinii
755 3010 903 3073 restituit
927 3029 1086 3086 acumen;
1111 3012 1296 3074 admodum
1322 3011 1411 3073 enirn
1437 3031 1510 3073 cor·

316 3136 453 3210 ruptum
486 3149 562 3191 eurn
595 3129 734 3192 exhibet
758 3131 869 3191 codex
894 3130 1080 3193 Mediceus.
1117 3129 1254 3194 Scilicet
1277 3128 1394 3204 lector,
1419 3149 1508 3210 quae

317 3248 360 3309 de
390 3247 525 3310 urbibus
549 3247 718 3330 Pompeiis
743 3249 1027 3331 Herculaneoque
1051 3249 1170 3313 dirutis
1194 3251 1330 3331 cognita
1353 3249 1507 3324 haberet,

316 3387 394 3429 cum
414 3366 479 3428 sibi
500 3367 644 3429 retinere
666 3387 734 3430 non
754 3376 880 3450 posset,
901 3389 998 3432 suum
1018 3369 1115 3432 urbes
1133 3367 1272 3444 infersit,
1294 3389 1362 3450 quo
1379 3368 1505 3431 facturn

317 3494 424 3550 estut
442 3505 518 3548 cum
536 3487 735 3567 gravissimo
754 3488 944 3550 sententiae
964 3489 1180 3563 detrimento,
1199 3507 1275 3550 cum
1290 3508 1506 3551 numerorum

317 3606 534 3669 Taciteorum
548 3607 696 3687 pernicie
710 3615 790 3670 ante
800 3606 1043 3671 Woelfflinium
1051 3607 1153 3689 vulgo
1163 3609 1333 3670 ederetur:
1348 3608 1507 3688 ,haustae

316 3735 375 3788 aut
399 3726 542 3788 obrutae
567 3726 666 3788 urbes
691 3723 931 3789 fecundissima
956 3726 1163 3809 Campaniae
1187 3726 1277 3788 ora.”

362 3843 406 3906 H.
432 3845 456 3919 I,
485 3859 512 3925 5.
539 3845 592 3906 De
616 3843 725 3908 Galba
749 3844 804 3907 alii
829 3846 960 3927 optima
980 3865 1135 3928 quaeque
1154 3845 1415 3928 augurabantur,
1437 3844 1511 3909 aliis

318 3963 410 4044 ipsae
436 3965 577 4027 virtutes
602 3965 673 4027 eius
696 3972 877 4046 suspectae
902 3973 1015 4028 erant:

365 4080 541 4160 „Laudata
574 4079 654 4143 olim
687 4090 721 4144 et
753 4083 892 4145 militari
924 4082 1013 4146 fama
1043 4082 1215 4146 celebrata
1245 4084 1407 4146 severitas
1439 4084 1512 4146 eius

317 4200 467 4282 angebat
492 4207 712 4280 aspernantes
736 4210 889 4265 veterem
911 4203 1122 4286 disciplinam
1144 4210 1247 4284 atque
1267 4203 1315 4265 ita
1334 4211 1511 4284 quattuor·

317 4319 429 4384 decim
464 4316 560 4380 annis
595 4338 615 4380 a
652 4319 789 4382 Nerone
825 4321 1048 4397 assuefactos,
1084 4330 1120 4384 ut
1156 4321 1245 4384 haud
1281 4322 1391 4384 minus
1426 4323 1510 4385 vitia

318 4437 508 4520 principum
532 4447 697 4513 amarent,
723 4459 825 4524 quam
850 4440 932 4504 olim
958 4443 1099 4506 virtutes
1123 4441 1360 4505 verebantur.”
