3248 5230
659 437 720 517 265

139 621 191 683 De
211 619 312 682 tertia
333 618 510 700 primaque
530 638 630 681 causa
651 617 732 681 nihil
753 624 804 680 est
824 616 916 698 quod
934 623 1151 678 annotemus:
1173 612 1288 675 omnia

95 739 141 801 ibi
160 746 240 801 sunt
260 739 448 820 perspicua.
468 738 521 802 De
541 738 691 801 secunda
711 737 896 800 videamus
918 733 1008 817 Quid
1022 732 1103 796 illud
1121 731 1183 794 fuit
1194 731 1286 812 quod

97 857 240 920 Galbam
260 857 436 938 instigaret
453 865 490 919 ut
503 857 721 939 pertinaciter
734 855 907 920 Othonem
921 855 1085 936 adoptare
1099 846 1288 914 recusaret?

97 975 196 1058 Quod
222 975 315 1059 vulgi
339 976 529 1039 rumoribus
552 975 646 1042 Otho
670 985 705 1039 et
726 976 847 1039 Vinius
871 995 993 1056 ,gener
1013 993 1051 1036 ac
1072 993 1168 1036 socer
1186 971 1288 1034 desti·

98 1095 298 1159 nabantur.”
330 1095 425 1159 Haec
456 1095 566 1159 Taciti
597 1096 702 1159 verba
731 1103 819 1158 sunt.
852 1095 890 1158 In
923 1093 1077 1157 familiari
1102 1093 1288 1156 otiosorum

96 1235 252 1278 sermone
283 1214 365 1278 nihil
396 1215 461 1277 ista
493 1215 629 1278 ubertas
664 1235 786 1298 „gener
808 1233 848 1278 ac
873 1211 990 1276 socer”
1015 1211 1147 1274 molesti
1173 1210 1286 1274 habet.

98 1334 207 1400 Immo
236 1335 310 1416 ipsa
332 1333 509 1397 hominum
532 1335 602 1398 vita
626 1333 776 1410 refertur,
801 1334 828 1396 si
852 1334 928 1416 quis
951 1335 994 1397 de
1017 1333 1146 1415 populo
1168 1333 1215 1394 sic
1240 1330 1287 1394 lo·

99 1473 205 1535 quens
229 1454 415 1517 inducitur:
445 1453 545 1535 ,mihi
570 1456 681 1529 crede,
706 1455 775 1517 duo
795 1453 849 1516 isti
870 1454 942 1529 viri,
962 1473 1048 1535 quos
1068 1452 1173 1526 vides,
1194 1450 1288 1515 Otho

98 1581 131 1636 et
157 1573 293 1648 Vinius,
325 1572 509 1656 aliquando
539 1593 644 1656 gener
666 1557 838 1656 ¹socerque
869 1572 1000 1636 erunt.”
1033 1571 1082 1636 At
1113 1571 1168 1635 hic
1198 1571 1288 1634 istud

95 1713 197 1775 gener
216 1714 255 1755 ac
273 1714 364 1756 socer
385 1692 538 1775 placidae
558 1701 610 1756 est
631 1693 856 1768 verbositatis„
877 1713 964 1775 quae
985 1692 1105 1755 mirum
1125 1700 1289 1773 quantum

100 1812 269 1894 discrepet
300 1832 319 1876 a
351 1813 456 1875 totius
487 1811 552 1876 loci
584 1822 684 1877 acuta
716 1820 818 1894 atque
842 1812 966 1875 acerba
989 1811 1167 1874 brevitate.
1193 1810 1289 1873 Prae·

98 1940 192 1994 terea
222 1968 264 1978 -
295 1939 399 2014 atque
430 1931 496 1995 hoc
529 1932 636 1995 multo
668 1934 803 2015 gravius
826 1969 869 1979 --
897 1931 978 1996 illud
1011 1932 1103 2014 quod
1135 1930 1290 1993 homines

100 2050 291 2114 fabulantur
323 2053 365 2115 de
397 2050 509 2114 futura
533 2050 681 2117 Othonis
706 2053 867 2134 Viniique
893 2053 1056 2116 affinitate
1080 2051 1161 2133 quid
1186 2049 1290 2112 habet

101 2169 192 2251 quod
226 2169 366 2234 Galbam
396 2171 544 2251 graviter
574 2169 810 2234 commoveat?
841 2169 897 2233 An
930 2190 1005 2233 eam
1030 2169 1130 2232 fuisse
1154 2187 1290 2232 causam

102 2289 288 2364 credamne,
323 2309 382 2352 cur
416 2290 464 2352 sic
500 2289 610 2353 Galba
643 2290 854 2372 loqueretur:
895 2291 940 2370 „si
977 2289 1068 2352 Vinii
1100 2309 1204 2371 gener
1232 2289 1290 2351 net

106 2407 208 2484 Otho,
231 2429 297 2492 ego
318 2429 394 2472 eum
416 2409 520 2472 tilium
541 2410 666 2473 habere
687 2409 810 2473 nolo”?
831 2410 909 2472 Non
930 2409 1061 2490 opinor.
1083 2408 1293 2471 Intellexisse

105 2528 249 2593 Galbam
270 2549 337 2592 non
359 2529 483 2592 debere
503 2549 540 2591 se
560 2528 664 2592 Vinio
682 2549 799 2592 aurem
820 2530 982 2612 praebere
999 2528 1145 2592 Othonis
1157 2547 1293 2590 causam
1402 2541 1404 2546 ’

104 2647 312 2724 defendenti,
344 2649 506 2731 cupidum
537 2649 629 2712 enim
661 2648 754 2712 illurn
787 2669 859 2713 esse
892 2657 1072 2731 patronum
1213 2645 1293 2708 satis

103 2786 270 2849 superque
302 2767 487 2830 indicatum
519 2774 571 2830 est
602 2768 714 2831 verbis
753 2787 881 2849 „neque
913 2776 985 2830 erat
1016 2765 1145 2831 Galbae
1177 2767 1294 2848 ignota

104 2883 249 2949 Othonis
273 2906 313 2949 ac
335 2886 406 2949 Titi
430 2885 522 2949 Vinii
547 2887 727 2961 amicitia”,
754 2907 941 2969 parumque
961 2887 1138 2949 Taciteum
1159 2885 1293 2948 videtur

104 3013 154 3067 tot
172 3006 286 3069 verbis
305 3007 353 3069 uti
373 3007 417 3069 ad
438 3007 750 3080 demonstrandum,
773 3026 875 3087 quam
896 3013 1006 3069 artum
1026 3005 1107 3068 illud
1124 3004 1293 3067 amicitiae

105 3122 201 3186 fuerit
233 3123 404 3187 vinculum
436 3144 504 3206 quo
538 3123 658 3187 Vinius
689 3133 724 3188 et
754 3124 847 3189 Otho
872 3125 958 3188 inter
981 3145 1018 3187 se
1042 3124 1146 3187 iuncti
1170 3131 1293 3187 essent.

108 3241 194 3323 Quid
220 3262 302 3325 ergo
326 3251 398 3306 erat
423 3243 456 3305 in
480 3242 543 3306 illis
567 3244 766 3307 rumusculis
790 3245 917 3328 populi,
938 3245 1031 3327 quod
1050 3243 1146 3307 bilem
1167 3243 1295 3308 Galbae

108 3361 280 3425 moveret?
305 3363 393 3426 Nam
418 3363 480 3426 nisi
505 3361 598 3426 illurn
622 3363 781 3427 eflectum
806 3364 986 3429 rumusculi
1010 3366 1064 3428 isti
1089 3365 1295 3438 habuissent,

108 3500 171 3543 non
197 3482 364 3564 potuisset
389 3483 467 3546 inde
493 3483 583 3545 nasci
608 3502 710 3546 causa
729 3504 786 3546 cur
807 3486 971 3567 adoptare
993 3483 1165 3548 Othonem
1187 3483 1296 3548 Galba

106 3600 220 3664 nollet.
256 3599 321 3676 Sic,
354 3609 391 3664 ut
421 3621 485 3684 ego
517 3602 648 3683 opinor,
681 3602 768 3664 inter
799 3624 835 3665 se
865 3601 1092 3684 loquebantur
1124 3602 1294 3665 homines:

109 3717 300 3798 ,Othonem
333 3721 434 3783 istum
466 3721 639 3784 hominem
672 3720 863 3803 elegantem
895 3729 1159 3802 venustumque,
1192 3741 1294 3802 quern

106 3839 260 3901 novimus
291 3859 418 3915 omnes,
444 3859 546 3921 quern
572 3859 631 3921 per
656 3839 774 3902 urbem
798 3839 998 3904 volitantem
1023 3839 1189 3914 videmus,
1213 3838 1294 3902 mihi

107 3959 216 4032 crede,
249 3978 329 4021 mox
360 3959 551 4022 videbimus
580 3958 718 4020 alterius
741 3957 886 4022 consulis
911 3959 956 4040 (et
982 3958 1154 4041 principis)
1179 3958 1294 4034 filium,

108 4076 242 4141 alterius
265 4077 461 4160 generum.”
493 4077 653 4160 Suspicor
677 4098 758 4160 ergo
782 4076 938 4141 Tacitum
963 4079 1152 4159 scripsisse:
1182 4090 1295 4162 ,pater
1382 4099 1387 4114 ·

109 4216 145 4258 ac
177 4217 273 4260 socer
304 4197 583 4263 destinabantur”
615 4218 724 4280 eoque
754 4199 861 4262 invito
885 4199 1055 4281 irrepsisse
1079 4199 1295 4260 decantatam

111 4315 207 4380 istam
230 4317 335 4381 soceri
357 4325 392 4380 et
407 4318 526 4401 generi
544 4319 915 4381 commemorationem.
941 4318 1061 4400 Neque
1082 4317 1222 4381 fortasse
1242 4318 1296 4381 hic

111 4435 348 4520 negligendum
373 4438 475 4518 quod,
502 4456 578 4500 cum
602 4457 655 4500 res
674 4438 747 4520 ipsa
767 4437 852 4502 ferat
872 4447 909 4502 ut
929 4438 997 4501 duo
1016 4438 1191 4512 vocabula,
1210 4457 1297 4520 quae
