3248 5230
673 438 734 504 293

112 601 276 681 „militum
289 601 436 682 impetus
450 622 491 664 ne
505 601 631 664 loribus
645 603 783 683 quidem
797 602 915 665 Palatii
928 601 1116 665 coercitus”
1130 601 1186 684 (H.
1197 601 1222 676 1,
1233 602 1298 682 82).

109 721 278 802 Equidem
304 720 474 783 Plutarchi
503 742 638 784 manum
671 724 800 785 restitui
834 743 932 805 posse
963 723 1107 786 arbitror
1139 732 1299 804 exempta

106 840 360 922 praepositione
392 836 458 914 διαὶ,
495 861 598 922 quam
632 851 690 904 aut
723 843 938 925 adscripserit
970 843 1090 924 aliquis
1121 843 1178 923 qui
1210 841 1298 904 hunc

105 959 218 1022 locum
242 979 311 1032 non
336 959 550 1041 intelligeret,
572 970 629 1023 aut
649 961 706 1043 qui
728 961 989 1044 praecedentem
1012 962 1299 1044 praepositionem

105 1077 192 1142 κατα
218 1079 382 1142 illustrare
408 1078 519 1154 vellet,
545 1089 603 1142 aut
627 1081 774 1162 denique
799 1081 852 1143 cui
873 1089 983 1143 totum
1004 1079 1084 1143 illud
1105 1080 1173 1142 καθ’
1192 1076 1298 1157 ἑτέρας

105 1196 197 1276 talpae
234 1200 510 1262 emendationem
547 1201 716 1282 requirere
752 1201 941 1263 videretur:
982 1201 1074 1282 quod
1113 1201 1139 1262 si
1177 1199 1298 1276 voluit,

107 1319 267 1400 equidem
289 1318 509 1381 vehementer
529 1319 707 1382 consilium
728 1320 799 1382 eius
820 1321 938 1401 prob0,
960 1340 1037 1382 nam
1061 1319 1141 1382 mihi
1163 1340 1299 1401 quoque

107 1437 266 1501 serendus
287 1459 357 1504 non
383 1439 515 1501 videtur
540 1439 676 1521 pluralis
700 1440 763 1502 iste
787 1438 887 1519 θύρας.
914 1439 989 1502 Hoc
1015 1460 1095 1521 ergo
1116 1438 1197 1501 mihi
1219 1460 1299 1521 prae

109 1559 230 1621 ceteris
247 1558 426 1620 verisimile
446 1559 588 1634 videtur,
609 1560 813 1623 emendandi
826 1559 880 1621 hic
894 1559 1102 1641 deprehendi
1116 1579 1298 1634 conamen;

109 1698 178 1758 quo
200 1679 227 1740 si
253 1686 344 1740 recte
368 1679 417 1740 usi
443 1679 574 1753 erimus,
596 1679 824 1761 quodcunque
846 1680 936 1761 apud
957 1679 1113 1741 Tacitum
1135 1678 1299 1741 habemus

107 1797 211 1859 etiam
237 1796 437 1859 habebimus
461 1800 551 1880 apud
578 1797 793 1860 Plutarchum
814 1798 859 1879 (in
881 1796 1080 1860 Plutarcheo
1101 1798 1192 1859 enirn
1212 1789 1298 1858 ὧθον-

106 1914 203 1990 μέναν
226 1913 268 1982 εἷς
289 1915 340 1978 τὸν
359 1915 495 1993 ανδρῶνα
509 1918 596 1979 in'est
609 1916 786 1979 Taciteum
804 1917 1016 1998 „convivium
1029 1915 1298 1999 irrumperent”).

109 2035 158 2099 Ut
189 2043 303 2097 autem
336 2045 474 2117 possent
507 2036 630 2098 milites
662 2036 799 2098 ὠθεῖσθαι
829 2035 1116 2112 derivavimus,
1142 2037 1298 2099 nimirum

110 2155 199 2218 sores
231 2155 350 2218 Palatii
382 2156 512 2238 aperire
544 2155 597 2218 vel
629 2156 805 2237 effringere
829 2158 1012 2232 debebant,
1037 2159 1096 2220 sed
1122 2177 1189 2220 non
1214 2176 1300 2238 opus

110 2283 183 2337 erat
203 2273 267 2336 hoc
289 2275 423 2336 disertis
444 2275 556 2337 verbis
575 2295 852 2338 commemorare.
875 2276 995 2358 Neque
1016 2275 1178 2339 credibile
1194 2275 1301 2357 „fores

114 2392 254 2457 Palatii”
279 2392 435 2455 habuisse
460 2393 596 2475 aliquod
623 2413 747 2456 nomen
776 2394 1000 2476 „proprium”.

156 2511 250 2576 Otho
282 2511 315 2575 V
347 2511 493 2575 Othonis
525 2514 646 2576 milites
678 2513 795 2576 molles
826 2523 861 2576 et
890 2513 1025 2578 delicati
1051 2523 1156 2588 erant,
1180 2524 1299 2597 utpote

111 2633 182 2694 otio
214 2639 248 2694 et
280 2632 349 2694 vita
374 2633 501 2695 urbana
524 2633 691 2716 corrupti;
718 2629 802 2709 ὕβρει
827 2629 858 2694 δὲ
883 2631 935 2694 καὶ
960 2630 1071 2708 αι’μπιρ
1096 2632 1298 2712 ἐπαμπέχειν

110 2750 274 2826 ἐβούλοντο
292 2753 384 2834 (sive,
403 2760 440 2815 ut
454 2752 525 2814 vult
539 2751 739 2815 Sintenisius
752 2753 862 2815 hiatus
875 2752 1003 2815 vitandi
1017 2737 1127 2828 causa,
1141 2775 1300 2830 περιαμπ-

110 2871 214 2949 έχεινι
247 2880 322 2934 utut
347 2880 407 2944 est,
440 2870 612 2933 obiectum
645 2879 697 2933 est
727 2873 817 2933 τοῦτο
842 2870 979 2952 aliquod
1004 2872 1182 2934 omissum:
1207 2873 1298 2935 illam

110 2992 299 3054 animorum
333 3010 581 3073 corporumque
605 2990 848 3065 conditionem,
873 2981 995 3073 parum
1019 2999 1133 3073 aptam
1161 2991 1299 3055 militiae

110 3111 280 3192 belloque)
299 3109 564 3187 προσποιήσασθαι
585 3107 643 3177 τὰς
665 3108 863 3188 λειτουργίας
883 3110 921 3180 ὡς
942 3108 1109 3186 κρείττονες
1131 3107 1300 3186 απαξιοῡν-

110 3253 173 3309 περ,
205 3230 265 3308 οὐχ
296 3230 334 3298 ὡς
367 3228 511 3292 ἀδύνατοι
543 3227 658 3307 Φέρειν.
692 3229 874 3311 Quomodo
906 3252 994 3294 nunc
1023 3232 1084 3294 viri
1110 3233 1211 3306 docti,
1237 3233 1300 3296 ista

111 3349 272 3432 legentes,
294 3349 434 3411 verbum
456 3348 721 3424 προσποιήσασθαι
742 3349 911 3433 accipiant
932 3351 1055 3425 nesci0‚
1075 3352 1134 3413 sed
1148 3351 1299 3433 suspicor

110 3491 168 3534 eos
188 3470 326 3533 credere
348 3469 451 3531 latine
472 3467 541 3530 sere
565 3470 626 3548 „ad
647 3490 682 3531 se
702 3470 884 3532 admittere
904 3470 923 3530 i.
938 3490 966 3531 e.
987 3468 1179 3551 suscipere’'
1198 3470 1299 3551 signi-

110 3591 219 3665 ficare,
253 3590 286 3652 id
320 3591 410 3672 quod
435 3589 529 3652 salvo
552 3609 708 3651 sermone
733 3588 864 3652 Graeco
888 3609 931 3650 ex
953 3587 1011 3650 illo
1035 3588 1298 3671 haudquaquam

108 3719 222 3793 potest
255 3710 339 3772 elici.
374 3709 457 3771 Mihi
486 3717 536 3770 est
560 3707 849 3790 persuasissimum
874 3707 955 3769 nihil
977 3707 1068 3770 aliud
1094 3709 1181 3770 istud
1207 3730 1298 3785 προσ-

108 3829 296 3903 ποιήσασθαι
319 3829 422 3911 (quod
445 3837 478 3891 et
499 3827 553 3889 hic
574 3835 608 3889 et
628 3826 753 3907 ubique
773 3826 923 3888 locorum
944 3824 1111 3906 significat
1130 3827 1297 3903 simulare,

109 3969 220 4032 neque
253 3948 343 4011 aliud
376 3949 562 4030 quidquam
594 3945 782 4028 significare
815 3946 939 4027 potest)
972 3965 1044 4007 esse
1076 3967 1177 4028 quarn
1202 3949 1296 4011 verbi

106 4065 310 4145 ἐπαμπέχειν
335 4067 400 4150 (vel
422 4062 664 4146 περιαμπέχειν)
686 4065 1042 4146 interpretamentum:
1068 4067 1243 4149 „superbia
1264 4077 1298 4131 et

106 4188 291 4251 iactatione
315 4187 408 4268 (vitia
432 4185 503 4268 sua)
524 4185 686 4266 obtegere
706 4185 927 4260 conabantur,
947 4184 1099 4248 laborem
1119 4187 1297 4249 militarem

107 4315 304 4390 respuentes
336 4314 510 4387 tamquam
541 4304 579 4378 si,
612 4323 679 4365 non
712 4303 852 4366 serendo
883 4306 1038 4387 impares,
1070 4308 1129 4368 scd
1155 4306 1298 4371 maiores

107 4434 220 4490 essent
242 4427 355 4509 (quam
377 4425 434 4507 qui
454 4444 513 4487 eos
533 4423 786 4506 susciperent)”.
806 4423 839 4486 A
858 4426 964 4487 verbo
982 4423 1134 4502 ἀπαξιοῦν
1149 4427 1297 4509 pendere
