<?xml version="1.0" encoding="UTF-8"?>
<!DOCTYPE html PUBLIC "-//W3C//DTD XHTML 1.0 Transitional//EN"
    "http://www.w3.org/TR/xhtml1/DTD/xhtml1-transitional.dtd">
<html xmlns="http://www.w3.org/1999/xhtml" xml:lang="en" lang="en">
 <head>
  <title>
</title>
<meta http-equiv="Content-Type" content="text/html;charset=utf-8" />
  <meta name='ocr-system' content='tesseract 3.04.00' />
  <meta name='ocr-capabilities' content='ocr_page ocr_carea ocr_par ocr_line ocrx_word'/>
</head>
<body>
  <div class='ocr_page' id='page_1' title='image "./analectatacitea01hartgoog_0246.png"; bbox 0 0 3228 5236; ppageno 0'>
   <div class='ocr_carea' id='block_1_1' title="bbox 665 463 724 530">
    <p class='ocr_par' dir='ltr' id='par_1_1' title="bbox 665 463 724 530">
     <span class='ocr_line' id='line_1_1' title="bbox 665 463 724 530; baseline 0 0"><span class='ocrx_word' id='word_1_1' title='bbox 665 463 724 530; x_wconf 85' lang='lat'>235</span> 
     </span>
    </p>
   </div>
   <div class='ocr_carea' id='block_1_2' title="bbox 106 629 1289 713">
    <p class='ocr_par' dir='ltr' id='par_1_2' title="bbox 106 629 1289 713">
     <span class='ocr_line' id='line_1_2' title="bbox 106 629 1289 713; baseline 0.003 -23"><span class='ocrx_word' id='word_1_2' title='bbox 106 629 212 704; x_wconf 86' lang='lat' dir='ltr'>vitam,</span> <span class='ocrx_word' id='word_1_3' title='bbox 246 650 311 692; x_wconf 92' lang='lat' dir='ltr'>neu</span> <span class='ocrx_word' id='word_1_4' title='bbox 343 638 501 713; x_wconf 89' lang='lat' dir='ltr'>patruum</span> <span class='ocrx_word' id='word_1_5' title='bbox 533 630 596 693; x_wconf 86' lang='lat' dir='ltr'>sibi</span> <span class='ocrx_word' id='word_1_6' title='bbox 630 629 803 696; x_wconf 88' lang='lat' dir='ltr'><strong>Othonem</strong></span> <span class='ocrx_word' id='word_1_7' title='bbox 831 629 930 694; x_wconf 87' lang='lat' dir='ltr'>luisse</span> <span class='ocrx_word' id='word_1_8' title='bbox 954 639 1012 694; x_wconf 89' lang='lat' dir='ltr'>aut</span> <span class='ocrx_word' id='word_1_9' title='bbox 1036 630 1289 695; x_wconf 88' lang='lat' dir='ltr'>oblivisceretur</span> 
     </span>
    </p>
   </div>
   <div class='ocr_carea' id='block_1_3' title="bbox 105 731 1329 4528">
    <p class='ocr_par' dir='ltr' id='par_1_3' title="bbox 105 731 762 830">
     <span class='ocr_line' id='line_1_3' title="bbox 105 731 762 830; baseline 0.005 -19"><span class='ocrx_word' id='word_1_10' title='bbox 105 768 248 830; x_wconf 88' lang='lat' dir='ltr'>unquam</span> <span class='ocrx_word' id='word_1_11' title='bbox 272 758 331 812; x_wconf 91' lang='lat' dir='ltr'>aut</span> <span class='ocrx_word' id='word_1_12' title='bbox 355 751 496 814; x_wconf 93' lang='lat' dir='ltr'>nimium</span> <span class='ocrx_word' id='word_1_13' title='bbox 520 731 762 814; x_wconf 88' lang='lat' dir='ltr'>meminisset.‘’</span> 
     </span>
    </p>

    <p class='ocr_par' dir='ltr' id='par_1_4' title="bbox 106 869 1329 4528">
     <span class='ocr_line' id='line_1_4' title="bbox 145 869 1290 953; baseline 0.001 -23"><span class='ocrx_word' id='word_1_14' title='bbox 145 869 235 932; x_wconf 89' lang='lat' dir='ltr'>Num</span> <span class='ocrx_word' id='word_1_15' title='bbox 264 870 451 953; x_wconf 85' lang='lat' dir='ltr'>quidquam</span> <span class='ocrx_word' id='word_1_16' title='bbox 483 870 538 934; x_wconf 92' lang='lat' dir='ltr'>hic</span> <span class='ocrx_word' id='word_1_17' title='bbox 570 869 801 934; x_wconf 87' lang='lat' dir='ltr'>desideratur?</span> <span class='ocrx_word' id='word_1_18' title='bbox 825 870 935 932; x_wconf 91' lang='lat' dir='ltr'>lmmo</span> <span class='ocrx_word' id='word_1_19' title='bbox 958 870 1072 933; x_wconf 89' lang='lat' dir='ltr'>omnia</span> <span class='ocrx_word' id='word_1_20' title='bbox 1095 878 1172 932; x_wconf 91' lang='lat' dir='ltr'>sunt</span> <span class='ocrx_word' id='word_1_21' title='bbox 1196 889 1290 952; x_wconf 88' lang='lat' dir='ltr'>prae·</span> 
     </span>
     <span class='ocr_line' id='line_1_5' title="bbox 106 988 1291 1073; baseline 0.002 -24"><span class='ocrx_word' id='word_1_22' title='bbox 106 990 308 1052; x_wconf 88' lang='lat' dir='ltr'>stantissima</span> <span class='ocrx_word' id='word_1_23' title='bbox 320 989 648 1073; x_wconf 89' lang='lat' dir='ltr'>absolutissimaque.</span> <span class='ocrx_word' id='word_1_24' title='bbox 662 990 847 1072; x_wconf 89' lang='lat' dir='ltr'>Postquam</span> <span class='ocrx_word' id='word_1_25' title='bbox 860 988 1113 1052; x_wconf 87' lang='lat' dir='ltr'>adolescentulo</span> <span class='ocrx_word' id='word_1_26' title='bbox 1127 990 1291 1071; x_wconf 86' lang='lat' dir='ltr'>persuasit</span> 
     </span>
     <span class='ocr_line' id='line_1_6' title="bbox 106 1107 1291 1193; baseline 0.001 -24"><span class='ocrx_word' id='word_1_27' title='bbox 106 1108 137 1170; x_wconf 93' lang='lat' dir='ltr'>in</span> <span class='ocrx_word' id='word_1_28' title='bbox 164 1111 353 1191; x_wconf 90' lang='lat' dir='ltr'>praesentia</span> <span class='ocrx_word' id='word_1_29' title='bbox 378 1109 460 1174; x_wconf 88' lang='lat' dir='ltr'><strong>nihil</strong></span> <span class='ocrx_word' id='word_1_30' title='bbox 484 1112 515 1173; x_wconf 93' lang='lat' dir='ltr'>ei</span> <span class='ocrx_word' id='word_1_31' title='bbox 538 1131 612 1174; x_wconf 88' lang='lat' dir='ltr'>esse</span> <span class='ocrx_word' id='word_1_32' title='bbox 636 1109 785 1193; x_wconf 88' lang='lat' dir='ltr'>periculi,</span> <span class='ocrx_word' id='word_1_33' title='bbox 811 1129 852 1172; x_wconf 89' lang='lat' dir='ltr'>ne</span> <span class='ocrx_word' id='word_1_34' title='bbox 877 1109 911 1172; x_wconf 91' lang='lat' dir='ltr'>in</span> <span class='ocrx_word' id='word_1_35' title='bbox 937 1117 1108 1192; x_wconf 87' lang='lat' dir='ltr'>posterum</span> <span class='ocrx_word' id='word_1_36' title='bbox 1132 1109 1204 1191; x_wconf 91' lang='lat' dir='ltr'>ipse</span> <span class='ocrx_word' id='word_1_37' title='bbox 1228 1107 1291 1170; x_wconf 91' lang='lat' dir='ltr'>sibi</span> 
     </span>
     <span class='ocr_line' id='line_1_7' title="bbox 107 1229 1292 1311; baseline 0 -21"><span class='ocrx_word' id='word_1_38' title='bbox 107 1229 252 1310; x_wconf 88' lang='lat' dir='ltr'>pericula</span> <span class='ocrx_word' id='word_1_39' title='bbox 285 1238 450 1311; x_wconf 91' lang='lat' dir='ltr'>provocet</span> <span class='ocrx_word' id='word_1_40' title='bbox 486 1230 552 1292; x_wconf 92' lang='lat' dir='ltr'>hoc</span> <span class='ocrx_word' id='word_1_41' title='bbox 586 1249 663 1292; x_wconf 86' lang='lat' dir='ltr'>eum</span> <span class='ocrx_word' id='word_1_42' title='bbox 696 1237 814 1292; x_wconf 90' lang='lat' dir='ltr'>monet</span> <span class='ocrx_word' id='word_1_43' title='bbox 839 1236 1057 1310; x_wconf 86' lang='lat' dir='ltr'>argumento:</span> <span class='ocrx_word' id='word_1_44' title='bbox 1093 1235 1292 1308; x_wconf 85' lang='lat' dir='ltr'>„contentus</span> 
     </span>
     <span class='ocr_line' id='line_1_8' title="bbox 106 1346 1289 1431; baseline -0.001 -21"><span class='ocrx_word' id='word_1_45' title='bbox 106 1367 175 1410; x_wconf 90' lang='lat' dir='ltr'>esse</span> <span class='ocrx_word' id='word_1_46' title='bbox 198 1357 296 1430; x_wconf 87' lang='lat' dir='ltr'>potes</span> <span class='ocrx_word' id='word_1_47' title='bbox 320 1370 361 1413; x_wconf 89' lang='lat' dir='ltr'>ea</span> <span class='ocrx_word' id='word_1_48' title='bbox 384 1349 561 1431; x_wconf 84' lang='lat' dir='ltr'>dignitate,</span> <span class='ocrx_word' id='word_1_49' title='bbox 586 1369 688 1431; x_wconf 90' lang='lat' dir='ltr'>quam</span> <span class='ocrx_word' id='word_1_50' title='bbox 710 1367 773 1429; x_wconf 84' lang='lat' dir='ltr'>ego</span> <span class='ocrx_word' id='word_1_51' title='bbox 793 1349 826 1410; x_wconf 92' lang='lat' dir='ltr'>in</span> <span class='ocrx_word' id='word_1_52' title='bbox 847 1355 985 1430; x_wconf 87' lang='lat' dir='ltr'>gentem</span> <span class='ocrx_word' id='word_1_53' title='bbox 1006 1355 1156 1410; x_wconf 90' lang='lat' dir='ltr'>nostram</span> <span class='ocrx_word' id='word_1_54' title='bbox 1176 1346 1289 1423; x_wconf 89' lang='lat' dir='ltr'>intuli;</span> 
     </span>
     <span class='ocr_line' id='line_1_9' title="bbox 108 1466 1291 1551; baseline 0 -21"><span class='ocrx_word' id='word_1_55' title='bbox 108 1469 183 1550; x_wconf 89' lang='lat' dir='ltr'>quid</span> <span class='ocrx_word' id='word_1_56' title='bbox 208 1468 271 1531; x_wconf 95' lang='lat' dir='ltr'>tibi</span> <span class='ocrx_word' id='word_1_57' title='bbox 296 1489 382 1551; x_wconf 91' lang='lat' dir='ltr'>opus</span> <span class='ocrx_word' id='word_1_58' title='bbox 405 1469 448 1532; x_wconf 89' lang='lat' dir='ltr'>ad</span> <span class='ocrx_word' id='word_1_59' title='bbox 473 1469 593 1532; x_wconf 88' lang='lat' dir='ltr'>altiora</span> <span class='ocrx_word' id='word_1_60' title='bbox 616 1468 757 1532; x_wconf 88' lang='lat' dir='ltr'>tendere</span> <span class='ocrx_word' id='word_1_61' title='bbox 768 1466 800 1530; x_wconf 90' lang='lat'>?’&#39;</span> <span class='ocrx_word' id='word_1_62' title='bbox 826 1467 871 1530; x_wconf 91' lang='lat' dir='ltr'>Et</span> <span class='ocrx_word' id='word_1_63' title='bbox 890 1476 968 1530; x_wconf 89' lang='lat' dir='ltr'>sunt</span> <span class='ocrx_word' id='word_1_64' title='bbox 989 1467 1042 1530; x_wconf 92' lang='lat' dir='ltr'>hic</span> <span class='ocrx_word' id='word_1_65' title='bbox 1064 1468 1178 1531; x_wconf 88' lang='lat' dir='ltr'>omnia</span> <span class='ocrx_word' id='word_1_66' title='bbox 1195 1487 1291 1550; x_wconf 87' lang='lat' dir='ltr'>prae-</span> 
     </span>
     <span class='ocr_line' id='line_1_10' title="bbox 107 1577 1291 1672; baseline -0.001 -22"><span class='ocrx_word' id='word_1_67' title='bbox 107 1588 191 1651; x_wconf 89' lang='lat' dir='ltr'>clare</span> <span class='ocrx_word' id='word_1_68' title='bbox 218 1591 412 1665; x_wconf 87' lang='lat' dir='ltr'>enuntiata;</span> <span class='ocrx_word' id='word_1_69' title='bbox 438 1589 663 1672; x_wconf 87' lang='lat' dir='ltr'>pulcherrime</span> <span class='ocrx_word' id='word_1_70' title='bbox 684 1609 765 1652; x_wconf 87' lang='lat' dir='ltr'>vero</span> <span class='ocrx_word' id='word_1_71' title='bbox 789 1597 867 1672; x_wconf 92' lang='lat' dir='ltr'>post</span> <span class='ocrx_word' id='word_1_72' title='bbox 891 1588 1029 1651; x_wconf 90' lang='lat' dir='ltr'>brevem</span> <span class='ocrx_word' id='word_1_73' title='bbox 1052 1577 1291 1650; x_wconf 75' lang='lat' dir='ltr'>sententiolam</span> 
     </span>
     <span class='ocr_line' id='line_1_11' title="bbox 109 1706 1293 1791; baseline 0.001 -22"><span class='ocrx_word' id='word_1_74' title='bbox 109 1708 204 1786; x_wconf 75' lang='lat' dir='ltr'>„satis</span> <span class='ocrx_word' id='word_1_75' title='bbox 234 1708 380 1791; x_wconf 87' lang='lat' dir='ltr'>posteris</span> <span class='ocrx_word' id='word_1_76' title='bbox 411 1707 601 1772; x_wconf 84' lang='lat' dir='ltr'>nobilitatis</span> <span class='ocrx_word' id='word_1_77' title='bbox 631 1707 844 1790; x_wconf 88' lang='lat' dir='ltr'>quaesitum&#39;’</span> <span class='ocrx_word' id='word_1_78' title='bbox 867 1709 982 1772; x_wconf 82' lang='lat' dir='ltr'>statim</span> <span class='ocrx_word' id='word_1_79' title='bbox 1005 1707 1181 1771; x_wconf 90' lang='lat' dir='ltr'>subiicitur</span> <span class='ocrx_word' id='word_1_80' title='bbox 1204 1706 1293 1770; x_wconf 88' lang='lat' dir='ltr'>clau·</span> 
     </span>
     <span class='ocr_line' id='line_1_12' title="bbox 106 1827 1293 1912; baseline 0.001 -22"><span class='ocrx_word' id='word_1_81' title='bbox 106 1828 182 1904; x_wconf 91' lang='lat' dir='ltr'>sula,</span> <span class='ocrx_word' id='word_1_82' title='bbox 216 1849 284 1910; x_wconf 89' lang='lat' dir='ltr'>qua</span> <span class='ocrx_word' id='word_1_83' title='bbox 311 1837 385 1892; x_wconf 88' lang='lat' dir='ltr'>tota</span> <span class='ocrx_word' id='word_1_84' title='bbox 408 1827 569 1892; x_wconf 88' lang='lat' dir='ltr'>allocutio</span> <span class='ocrx_word' id='word_1_85' title='bbox 593 1829 849 1912; x_wconf 89' lang='lat' dir='ltr'>quodammodo</span> <span class='ocrx_word' id='word_1_86' title='bbox 870 1829 903 1892; x_wconf 93' lang='lat' dir='ltr'>in</span> <span class='ocrx_word' id='word_1_87' title='bbox 924 1849 1025 1892; x_wconf 90' lang='lat' dir='ltr'>unam</span> <span class='ocrx_word' id='word_1_88' title='bbox 1048 1827 1136 1892; x_wconf 88' lang='lat' dir='ltr'>hanc</span> <span class='ocrx_word' id='word_1_89' title='bbox 1161 1836 1293 1891; x_wconf 90' lang='lat' dir='ltr'>contra·</span> 
     </span>
     <span class='ocr_line' id='line_1_13' title="bbox 106 1949 1293 2032; baseline 0 -21"><span class='ocrx_word' id='word_1_90' title='bbox 106 1949 191 2012; x_wconf 93' lang='lat' dir='ltr'>hitur</span> <span class='ocrx_word' id='word_1_91' title='bbox 222 1950 508 2026; x_wconf 86' lang='lat' dir='ltr'>adhortationem,</span> <span class='ocrx_word' id='word_1_92' title='bbox 540 1969 607 2032; x_wconf 89' lang='lat' dir='ltr'>qua</span> <span class='ocrx_word' id='word_1_93' title='bbox 639 1950 721 2012; x_wconf 92' lang='lat' dir='ltr'>nihil</span> <span class='ocrx_word' id='word_1_94' title='bbox 750 1969 898 2032; x_wconf 90' lang='lat' dir='ltr'>unquam</span> <span class='ocrx_word' id='word_1_95' title='bbox 923 1950 965 2014; x_wconf 88' lang='lat' dir='ltr'>ad</span> <span class='ocrx_word' id='word_1_96' title='bbox 990 1949 1121 2012; x_wconf 90' lang='lat' dir='ltr'>animos</span> <span class='ocrx_word' id='word_1_97' title='bbox 1144 1968 1293 2012; x_wconf 91' lang='lat' dir='ltr'>commo·</span> 
     </span>
     <span class='ocr_line' id='line_1_14' title="bbox 106 2068 1293 2152; baseline -0.001 -21"><span class='ocrx_word' id='word_1_98' title='bbox 106 2070 232 2132; x_wconf 89' lang='lat' dir='ltr'>vendos</span> <span class='ocrx_word' id='word_1_99' title='bbox 256 2069 369 2152; x_wconf 90' lang='lat' dir='ltr'>aptius</span> <span class='ocrx_word' id='word_1_100' title='bbox 393 2068 472 2132; x_wconf 86' lang='lat' dir='ltr'>luit:</span> <span class='ocrx_word' id='word_1_101' title='bbox 501 2069 664 2151; x_wconf 82' lang='lat' dir='ltr'>„proinde</span> <span class='ocrx_word' id='word_1_102' title='bbox 689 2077 803 2132; x_wconf 90' lang='lat' dir='ltr'>erecto</span> <span class='ocrx_word' id='word_1_103' title='bbox 827 2069 951 2134; x_wconf 50' lang='lat' dir='ltr'>animo¹</span> <span class='ocrx_word' id='word_1_104' title='bbox 965 2077 1157 2150; x_wconf 89' lang='lat' dir='ltr'>capesseret</span> <span class='ocrx_word' id='word_1_105' title='bbox 1176 2068 1293 2144; x_wconf 88' lang='lat' dir='ltr'>vitam,</span> 
     </span>
     <span class='ocr_line' id='line_1_15' title="bbox 107 2186 1293 2270; baseline -0.001 -19"><span class='ocrx_word' id='word_1_106' title='bbox 107 2208 169 2251; x_wconf 91' lang='lat' dir='ltr'>neu</span> <span class='ocrx_word' id='word_1_107' title='bbox 192 2197 351 2270; x_wconf 88' lang='lat' dir='ltr'>patruum</span> <span class='ocrx_word' id='word_1_108' title='bbox 375 2189 439 2251; x_wconf 93' lang='lat' dir='ltr'>sibi</span> <span class='ocrx_word' id='word_1_109' title='bbox 463 2186 637 2252; x_wconf 90' lang='lat' dir='ltr'>Othonem</span> <span class='ocrx_word' id='word_1_110' title='bbox 661 2187 761 2252; x_wconf 86' lang='lat' dir='ltr'>luisse</span> <span class='ocrx_word' id='word_1_111' title='bbox 785 2195 843 2250; x_wconf 89' lang='lat' dir='ltr'>aut</span> <span class='ocrx_word' id='word_1_112' title='bbox 867 2187 1121 2251; x_wconf 88' lang='lat' dir='ltr'>oblivisceretur</span> <span class='ocrx_word' id='word_1_113' title='bbox 1144 2207 1293 2270; x_wconf 90' lang='lat' dir='ltr'>unquam</span> 
     </span>
     <span class='ocr_line' id='line_1_16' title="bbox 106 2305 1295 2388; baseline 0 -18"><span class='ocrx_word' id='word_1_114' title='bbox 106 2316 162 2371; x_wconf 90' lang='lat' dir='ltr'>aut</span> <span class='ocrx_word' id='word_1_115' title='bbox 186 2308 327 2371; x_wconf 90' lang='lat' dir='ltr'>nimium</span> <span class='ocrx_word' id='word_1_116' title='bbox 353 2305 596 2370; x_wconf 87' lang='lat' dir='ltr'>meminisset.”</span> <span class='ocrx_word' id='word_1_117' title='bbox 621 2305 710 2388; x_wconf 86' lang='lat' dir='ltr'>Quid</span> <span class='ocrx_word' id='word_1_118' title='bbox 736 2327 816 2370; x_wconf 89' lang='lat' dir='ltr'>vero</span> <span class='ocrx_word' id='word_1_119' title='bbox 841 2305 972 2370; x_wconf 86' lang='lat' dir='ltr'>codex?</span> <span class='ocrx_word' id='word_1_120' title='bbox 996 2307 1170 2371; x_wconf 88' lang='lat' dir='ltr'>Postilla:</span> <span class='ocrx_word' id='word_1_121' title='bbox 1195 2308 1295 2388; x_wconf 79' lang='lat' dir='ltr'>„satis</span> 
     </span>
     <span class='ocr_line' id='line_1_17' title="bbox 109 2409 1329 2511; baseline -0.001 -20"><span class='ocrx_word' id='word_1_122' title='bbox 109 2429 236 2492; x_wconf 90' lang='lat' dir='ltr'>sibi...</span> <span class='ocrx_word' id='word_1_123' title='bbox 273 2427 486 2511; x_wconf 86' lang='lat' dir='ltr'>quaesitum”</span> <span class='ocrx_word' id='word_1_124' title='bbox 523 2427 606 2491; x_wconf 89' lang='lat' dir='ltr'>haec</span> <span class='ocrx_word' id='word_1_125' title='bbox 641 2429 744 2492; x_wconf 87' lang='lat' dir='ltr'>etiam</span> <span class='ocrx_word' id='word_1_126' title='bbox 782 2429 879 2491; x_wconf 91' lang='lat' dir='ltr'>nobis</span> <span class='ocrx_word' id='word_1_127' title='bbox 909 2429 1047 2510; x_wconf 87' lang='lat' dir='ltr'>ingerit:</span> <span class='ocrx_word' id='word_1_128' title='bbox 1076 2437 1172 2511; x_wconf 84' lang='lat' dir='ltr'>„post</span> <span class='ocrx_word' id='word_1_129' title='bbox 1197 2427 1299 2491; x_wconf 92' lang='lat' dir='ltr'>Iulios</span> <span class='ocrx_word' id='word_1_130' title='bbox 1328 2409 1329 2414; x_wconf 8' lang='grc' dir='ltr'>ἵ</span> 
     </span>
     <span class='ocr_line' id='line_1_18' title="bbox 110 2547 1297 2631; baseline -0.002 -19"><span class='ocrx_word' id='word_1_131' title='bbox 110 2548 265 2613; x_wconf 86' lang='lat' dir='ltr'>Claudios</span> <span class='ocrx_word' id='word_1_132' title='bbox 297 2547 433 2613; x_wconf 89' lang='lat' dir='ltr'>Servios</span> <span class='ocrx_word' id='word_1_133' title='bbox 464 2569 500 2611; x_wconf 89' lang='lat' dir='ltr'>se</span> <span class='ocrx_word' id='word_1_134' title='bbox 532 2549 678 2630; x_wconf 92' lang='lat' dir='ltr'>primurn</span> <span class='ocrx_word' id='word_1_135' title='bbox 709 2549 742 2611; x_wconf 92' lang='lat' dir='ltr'>in</span> <span class='ocrx_word' id='word_1_136' title='bbox 776 2547 937 2612; x_wconf 79' lang='lat' dir='ltr'>familiam</span> <span class='ocrx_word' id='word_1_137' title='bbox 967 2567 1090 2611; x_wconf 90' lang='lat' dir='ltr'>novam</span> <span class='ocrx_word' id='word_1_138' title='bbox 1118 2548 1297 2631; x_wconf 85' lang='lat' dir='ltr'>imperium</span> 
     </span>
     <span class='ocr_line' id='line_1_19' title="bbox 108 2667 1298 2751; baseline 0.001 -21"><span class='ocrx_word' id='word_1_139' title='bbox 108 2668 288 2744; x_wconf 84' lang='lat' dir='ltr'>intulisse”‚</span> <span class='ocrx_word' id='word_1_140' title='bbox 315 2669 348 2731; x_wconf 96' lang='lat' dir='ltr'>in</span> <span class='ocrx_word' id='word_1_141' title='bbox 370 2668 493 2751; x_wconf 91' lang='lat' dir='ltr'>quibus</span> <span class='ocrx_word' id='word_1_142' title='bbox 514 2667 619 2732; x_wconf 88' lang='lat' dir='ltr'>multa</span> <span class='ocrx_word' id='word_1_143' title='bbox 639 2669 921 2751; x_wconf 89' lang='lat' dir='ltr'>reprehendenda</span> <span class='ocrx_word' id='word_1_144' title='bbox 939 2677 1027 2744; x_wconf 91' lang='lat' dir='ltr'>sunt,</span> <span class='ocrx_word' id='word_1_145' title='bbox 1040 2670 1098 2731; x_wconf 88' lang='lat' dir='ltr'>vix</span> <span class='ocrx_word' id='word_1_146' title='bbox 1111 2669 1298 2751; x_wconf 88' lang='lat' dir='ltr'>quidquam</span> 
     </span>
     <span class='ocr_line' id='line_1_20' title="bbox 108 2788 1298 2886; baseline 0.001 -34"><span class='ocrx_word' id='word_1_147' title='bbox 108 2798 156 2852; x_wconf 88' lang='lat' dir='ltr'>est</span> <span class='ocrx_word' id='word_1_148' title='bbox 191 2789 284 2870; x_wconf 91' lang='lat' dir='ltr'>quod</span> <span class='ocrx_word' id='word_1_149' title='bbox 321 2789 455 2872; x_wconf 76' lang='lat' dir='ltr'>probes,</span> <span class='ocrx_word' id='word_1_150' title='bbox 493 2788 640 2852; x_wconf 92' lang='lat' dir='ltr'>Primum</span> <span class='ocrx_word' id='word_1_151' title='bbox 673 2789 879 2853; x_wconf 91' lang='lat' dir='ltr'>divelluntur</span> <span class='ocrx_word' id='word_1_152' title='bbox 913 2790 952 2852; x_wconf 92' lang='lat' dir='ltr'>iis</span> <span class='ocrx_word' id='word_1_153' title='bbox 984 2809 1024 2852; x_wconf 88' lang='lat' dir='ltr'>ea</span> <span class='ocrx_word' id='word_1_154' title='bbox 1058 2809 1145 2871; x_wconf 88' lang='lat' dir='ltr'>quae</span> <span class='ocrx_word' id='word_1_155' title='bbox 1181 2790 1298 2886; x_wconf 87' lang='lat' dir='ltr'>utique</span> 
     </span>
     <span class='ocr_line' id='line_1_21' title="bbox 108 2909 1297 2992; baseline 0.003 -22"><span class='ocrx_word' id='word_1_156' title='bbox 108 2909 276 2992; x_wconf 83' lang='lat' dir='ltr'>iungenda</span> <span class='ocrx_word' id='word_1_157' title='bbox 295 2917 330 2972; x_wconf 91' lang='lat' dir='ltr'>et</span> <span class='ocrx_word' id='word_1_158' title='bbox 354 2910 442 2973; x_wconf 85' lang='lat' dir='ltr'>inter</span> <span class='ocrx_word' id='word_1_159' title='bbox 465 2929 501 2971; x_wconf 90' lang='lat' dir='ltr'>se</span> <span class='ocrx_word' id='word_1_160' title='bbox 525 2909 789 2992; x_wconf 86' lang='lat' dir='ltr'>constringenda</span> <span class='ocrx_word' id='word_1_161' title='bbox 812 2918 900 2972; x_wconf 92' lang='lat' dir='ltr'>sunt.</span> <span class='ocrx_word' id='word_1_162' title='bbox 925 2909 1013 2972; x_wconf 91' lang='lat' dir='ltr'>Turn</span> <span class='ocrx_word' id='word_1_163' title='bbox 1037 2930 1105 2972; x_wconf 92' lang='lat' dir='ltr'>uon</span> <span class='ocrx_word' id='word_1_164' title='bbox 1130 2911 1177 2974; x_wconf 91' lang='lat' dir='ltr'>ita</span> <span class='ocrx_word' id='word_1_165' title='bbox 1200 2910 1297 2974; x_wconf 81' lang='lat' dir='ltr'>facile</span> 
     </span>
     <span class='ocr_line' id='line_1_22' title="bbox 108 3027 1298 3115; baseline 0.004 -25"><span class='ocrx_word' id='word_1_166' title='bbox 108 3038 156 3090; x_wconf 88' lang='lat' dir='ltr'>est</span> <span class='ocrx_word' id='word_1_167' title='bbox 179 3037 298 3111; x_wconf 89' lang='lat' dir='ltr'>aptum</span> <span class='ocrx_word' id='word_1_168' title='bbox 323 3028 401 3091; x_wconf 91' lang='lat' dir='ltr'>inde</span> <span class='ocrx_word' id='word_1_169' title='bbox 425 3028 615 3092; x_wconf 87' lang='lat' dir='ltr'>extundere</span> <span class='ocrx_word' id='word_1_170' title='bbox 637 3049 782 3092; x_wconf 88' lang='lat' dir='ltr'>sensum.</span> <span class='ocrx_word' id='word_1_171' title='bbox 804 3027 896 3110; x_wconf 85' lang='lat' dir='ltr'>Quid</span> <span class='ocrx_word' id='word_1_172' title='bbox 916 3029 1008 3093; x_wconf 90' lang='lat' dir='ltr'>enirn</span> <span class='ocrx_word' id='word_1_173' title='bbox 1028 3029 1109 3093; x_wconf 92' lang='lat' dir='ltr'>illud</span> <span class='ocrx_word' id='word_1_174' title='bbox 1123 3039 1190 3094; x_wconf 89' lang='lat' dir='ltr'>est:</span> <span class='ocrx_word' id='word_1_175' title='bbox 1215 3052 1298 3115; x_wconf 80' lang='lat' dir='ltr'>„ego</span> 
     </span>
     <span class='ocr_line' id='line_1_23' title="bbox 111 3146 1298 3231; baseline 0.003 -21"><span class='ocrx_word' id='word_1_176' title='bbox 111 3149 235 3230; x_wconf 92' lang='lat' dir='ltr'>primus</span> <span class='ocrx_word' id='word_1_177' title='bbox 248 3148 292 3210; x_wconf 87' lang='lat' dir='ltr'>in</span> <span class='ocrx_word' id='word_1_178' title='bbox 317 3147 479 3212; x_wconf 76' lang='lat' dir='ltr'>familiam</span> <span class='ocrx_word' id='word_1_179' title='bbox 503 3168 629 3211; x_wconf 89' lang='lat' dir='ltr'>novam</span> <span class='ocrx_word' id='word_1_180' title='bbox 653 3148 833 3231; x_wconf 89' lang='lat' dir='ltr'>imperium</span> <span class='ocrx_word' id='word_1_181' title='bbox 855 3146 992 3212; x_wconf 85' lang='lat' dir='ltr'>intuli”i</span> <span class='ocrx_word' id='word_1_182' title='bbox 1013 3149 1138 3214; x_wconf 89' lang='lat' dir='ltr'>Fuitne</span> <span class='ocrx_word' id='word_1_183' title='bbox 1158 3150 1298 3216; x_wconf 91' lang='lat' dir='ltr'>omnino</span> 
     </span>
     <span class='ocr_line' id='line_1_24' title="bbox 112 3265 1300 3350; baseline 0.002 -18"><span class='ocrx_word' id='word_1_184' title='bbox 112 3265 256 3332; x_wconf 85' lang='lat' dir='ltr'>Othonis</span> <span class='ocrx_word' id='word_1_185' title='bbox 287 3288 371 3350; x_wconf 87' lang='lat' dir='ltr'>gens</span> <span class='ocrx_word' id='word_1_186' title='bbox 401 3276 472 3331; x_wconf 88' lang='lat' dir='ltr'>tam</span> <span class='ocrx_word' id='word_1_187' title='bbox 500 3269 644 3332; x_wconf 90' lang='lat' dir='ltr'>obscura</span> <span class='ocrx_word' id='word_1_188' title='bbox 675 3277 712 3331; x_wconf 92' lang='lat' dir='ltr'>ut</span> <span class='ocrx_word' id='word_1_189' title='bbox 736 3289 817 3350; x_wconf 91' lang='lat' dir='ltr'>prae</span> <span class='ocrx_word' id='word_1_190' title='bbox 841 3269 963 3332; x_wconf 91' lang='lat' dir='ltr'>ceteris</span> <span class='ocrx_word' id='word_1_191' title='bbox 985 3290 1070 3334; x_wconf 84' lang='lat' dir='ltr'>nova</span> <span class='ocrx_word' id='word_1_192' title='bbox 1094 3279 1186 3334; x_wconf 87' lang='lat' dir='ltr'>recte</span> <span class='ocrx_word' id='word_1_193' title='bbox 1211 3271 1300 3334; x_wconf 91' lang='lat' dir='ltr'>dice-</span> 
     </span>
     <span class='ocr_line' id='line_1_25' title="bbox 113 3385 1300 3472; baseline 0.003 -22"><span class='ocrx_word' id='word_1_194' title='bbox 113 3385 221 3451; x_wconf 88' lang='lat' dir='ltr'>retur?</span> <span class='ocrx_word' id='word_1_195' title='bbox 257 3388 367 3452; x_wconf 89' lang='lat' dir='ltr'>Immo</span> <span class='ocrx_word' id='word_1_196' title='bbox 403 3397 499 3472; x_wconf 87' lang='lat' dir='ltr'>pater</span> <span class='ocrx_word' id='word_1_197' title='bbox 534 3389 605 3451; x_wconf 89' lang='lat' dir='ltr'>eius</span> <span class='ocrx_word' id='word_1_198' title='bbox 640 3388 806 3468; x_wconf 83' lang='lat' dir='ltr'>„urbanos</span> <span class='ocrx_word' id='word_1_199' title='bbox 833 3387 991 3463; x_wconf 77' lang='lat' dir='ltr'>honoreS,</span> <span class='ocrx_word' id='word_1_200' title='bbox 1023 3390 1300 3471; x_wconf 90' lang='lat' dir='ltr'>proconsulatum</span> 
     </span>
     <span class='ocr_line' id='line_1_26' title="bbox 112 3507 1300 3592; baseline 0.001 -21"><span class='ocrx_word' id='word_1_201' title='bbox 112 3507 247 3571; x_wconf 83' lang='lat' dir='ltr'>Africae</span> <span class='ocrx_word' id='word_1_202' title='bbox 267 3517 302 3571; x_wconf 92' lang='lat' dir='ltr'>et</span> <span class='ocrx_word' id='word_1_203' title='bbox 325 3508 592 3571; x_wconf 85' lang='lat' dir='ltr'>extraordinaria</span> <span class='ocrx_word' id='word_1_204' title='bbox 612 3509 819 3592; x_wconf 89' lang='lat' dir='ltr'>imperia...</span> <span class='ocrx_word' id='word_1_205' title='bbox 845 3508 1161 3572; x_wconf 85' lang='lat' dir='ltr'>administraverat&#39;’</span> <span class='ocrx_word' id='word_1_206' title='bbox 1181 3507 1300 3592; x_wconf 86' lang='lat' dir='ltr'>(Suet.)</span> 
     </span>
     <span class='ocr_line' id='line_1_27' title="bbox 111 3626 1300 3711; baseline 0.002 -22"><span class='ocrx_word' id='word_1_207' title='bbox 111 3635 144 3690; x_wconf 89' lang='lat' dir='ltr'>et</span> <span class='ocrx_word' id='word_1_208' title='bbox 174 3627 283 3710; x_wconf 87' lang='lat' dir='ltr'>gratia</span> <span class='ocrx_word' id='word_1_209' title='bbox 314 3628 442 3691; x_wconf 88' lang='lat' dir='ltr'>Tiberii</span> <span class='ocrx_word' id='word_1_210' title='bbox 473 3627 641 3693; x_wconf 89' lang='lat' dir='ltr'>floruerat.</span> <span class='ocrx_word' id='word_1_211' title='bbox 674 3629 763 3692; x_wconf 93' lang='lat' dir='ltr'>Tum</span> <span class='ocrx_word' id='word_1_212' title='bbox 790 3629 872 3692; x_wconf 88' lang='lat' dir='ltr'>mire</span> <span class='ocrx_word' id='word_1_213' title='bbox 896 3637 974 3711; x_wconf 93' lang='lat' dir='ltr'>post</span> <span class='ocrx_word' id='word_1_214' title='bbox 999 3628 1137 3690; x_wconf 89' lang='lat' dir='ltr'>nomina</span> <span class='ocrx_word' id='word_1_215' title='bbox 1160 3626 1300 3709; x_wconf 81' lang='lat' dir='ltr'>gentilia</span> 
     </span>
     <span class='ocr_line' id='line_1_28' title="bbox 111 3746 1300 3832; baseline 0.003 -24"><span class='ocrx_word' id='word_1_216' title='bbox 111 3746 212 3811; x_wconf 86' lang='lat' dir='ltr'>Iulios</span> <span class='ocrx_word' id='word_1_217' title='bbox 235 3747 391 3812; x_wconf 82' lang='lat' dir='ltr'>Claudios</span> <span class='ocrx_word' id='word_1_218' title='bbox 411 3747 540 3812; x_wconf 89' lang='lat' dir='ltr'>Galbae</span> <span class='ocrx_word' id='word_1_219' title='bbox 554 3760 755 3832; x_wconf 80' lang='lat' dir='ltr'>praenomen</span> <span class='ocrx_word' id='word_1_220' title='bbox 777 3747 912 3812; x_wconf 86' lang='lat' dir='ltr'>Servius</span> <span class='ocrx_word' id='word_1_221' title='bbox 930 3747 1115 3810; x_wconf 91' lang='lat' dir='ltr'>subiicitur.</span> <span class='ocrx_word' id='word_1_222' title='bbox 1129 3747 1205 3810; x_wconf 89' lang='lat' dir='ltr'>Hoc</span> <span class='ocrx_word' id='word_1_223' title='bbox 1219 3767 1300 3811; x_wconf 91' lang='lat' dir='ltr'>vero</span> 
     </span>
     <span class='ocr_line' id='line_1_29' title="bbox 112 3865 1299 3951; baseline 0.003 -23"><span class='ocrx_word' id='word_1_224' title='bbox 112 3866 386 3930; x_wconf 88' lang='lat' dir='ltr'>absurdissimum</span> <span class='ocrx_word' id='word_1_225' title='bbox 410 3868 502 3951; x_wconf 93' lang='lat' dir='ltr'>quod</span> <span class='ocrx_word' id='word_1_226' title='bbox 527 3888 604 3932; x_wconf 92' lang='lat' dir='ltr'>cum</span> <span class='ocrx_word' id='word_1_227' title='bbox 627 3868 776 3950; x_wconf 91' lang='lat' dir='ltr'>imperiis</span> <span class='ocrx_word' id='word_1_228' title='bbox 800 3866 872 3941; x_wconf 92' lang='lat' dir='ltr'>illis,</span> <span class='ocrx_word' id='word_1_229' title='bbox 898 3885 985 3950; x_wconf 91' lang='lat' dir='ltr'>quae</span> <span class='ocrx_word' id='word_1_230' title='bbox 1010 3865 1084 3946; x_wconf 78' lang='lat' dir='ltr'>Iulii</span> <span class='ocrx_word' id='word_1_231' title='bbox 1109 3877 1144 3931; x_wconf 92' lang='lat' dir='ltr'>et</span> <span class='ocrx_word' id='word_1_232' title='bbox 1168 3867 1299 3932; x_wconf 89' lang='lat' dir='ltr'>Claudii</span> 
     </span>
     <span class='ocr_line' id='line_1_30' title="bbox 113 3985 1299 4068; baseline 0.002 -19"><span class='ocrx_word' id='word_1_233' title='bbox 113 4006 169 4067; x_wconf 91' lang='lat' dir='ltr'>per</span> <span class='ocrx_word' id='word_1_234' title='bbox 201 3987 338 4068; x_wconf 86' lang='lat' dir='ltr'>longam</span> <span class='ocrx_word' id='word_1_235' title='bbox 369 4006 535 4050; x_wconf 88' lang='lat' dir='ltr'>annorum</span> <span class='ocrx_word' id='word_1_236' title='bbox 567 3988 688 4049; x_wconf 88' lang='lat' dir='ltr'>seriem</span> <span class='ocrx_word' id='word_1_237' title='bbox 720 3986 949 4061; x_wconf 89' lang='lat' dir='ltr'>obtinuerunt,</span> <span class='ocrx_word' id='word_1_238' title='bbox 975 3986 1073 4068; x_wconf 89' lang='lat' dir='ltr'>pauci</span> <span class='ocrx_word' id='word_1_239' title='bbox 1098 3985 1145 4050; x_wconf 92' lang='lat' dir='ltr'>illi</span> <span class='ocrx_word' id='word_1_240' title='bbox 1170 3986 1299 4051; x_wconf 87' lang='lat' dir='ltr'>Galbae</span> 
     </span>
     <span class='ocr_line' id='line_1_31' title="bbox 114 4107 1301 4190; baseline 0.003 -23"><span class='ocrx_word' id='word_1_241' title='bbox 114 4125 243 4170; x_wconf 89' lang='lat' dir='ltr'>menses</span> <span class='ocrx_word' id='word_1_242' title='bbox 274 4114 536 4188; x_wconf 86' lang='lat' dir='ltr'>componuntur,</span> <span class='ocrx_word' id='word_1_243' title='bbox 569 4114 742 4188; x_wconf 90' lang='lat' dir='ltr'>tamquam</span> <span class='ocrx_word' id='word_1_244' title='bbox 771 4107 797 4168; x_wconf 92' lang='lat' dir='ltr'>si</span> <span class='ocrx_word' id='word_1_245' title='bbox 823 4107 905 4170; x_wconf 90' lang='lat' dir='ltr'>nihil</span> <span class='ocrx_word' id='word_1_246' title='bbox 929 4107 1118 4170; x_wconf 90' lang='lat' dir='ltr'>interesset.</span> <span class='ocrx_word' id='word_1_247' title='bbox 1143 4108 1301 4190; x_wconf 87' lang='lat' dir='ltr'>Denique</span> 
     </span>
     <span class='ocr_line' id='line_1_32' title="bbox 115 4225 1301 4309; baseline 0.003 -22"><span class='ocrx_word' id='word_1_248' title='bbox 115 4227 225 4289; x_wconf 89' lang='lat' dir='ltr'>omnia</span> <span class='ocrx_word' id='word_1_249' title='bbox 257 4226 482 4289; x_wconf 91' lang='lat' dir='ltr'>semidoctum</span> <span class='ocrx_word' id='word_1_250' title='bbox 508 4227 657 4309; x_wconf 88' lang='lat' dir='ltr'>produnt</span> <span class='ocrx_word' id='word_1_251' title='bbox 680 4225 865 4302; x_wconf 87' lang='lat' dir='ltr'>hominem,</span> <span class='ocrx_word' id='word_1_252' title='bbox 890 4228 984 4291; x_wconf 89' lang='lat' dir='ltr'>cuius</span> <span class='ocrx_word' id='word_1_253' title='bbox 1008 4226 1137 4291; x_wconf 89' lang='lat' dir='ltr'>misella</span> <span class='ocrx_word' id='word_1_254' title='bbox 1159 4235 1301 4291; x_wconf 89' lang='lat' dir='ltr'>annota-</span> 
     </span>
     <span class='ocr_line' id='line_1_33' title="bbox 115 4345 1301 4428; baseline 0.003 -21"><span class='ocrx_word' id='word_1_255' title='bbox 115 4345 260 4408; x_wconf 90' lang='lat' dir='ltr'>tiuncula</span> <span class='ocrx_word' id='word_1_256' title='bbox 295 4345 464 4409; x_wconf 88' lang='lat' dir='ltr'>debilitari</span> <span class='ocrx_word' id='word_1_257' title='bbox 501 4345 630 4409; x_wconf 89' lang='lat' dir='ltr'>virilem</span> <span class='ocrx_word' id='word_1_258' title='bbox 662 4345 905 4428; x_wconf 88' lang='lat' dir='ltr'>robustamque</span> <span class='ocrx_word' id='word_1_259' title='bbox 936 4345 1082 4410; x_wconf 92' lang='lat' dir='ltr'>Othonis</span> <span class='ocrx_word' id='word_1_260' title='bbox 1113 4347 1301 4410; x_wconf 91' lang='lat' dir='ltr'>orationem</span> 
     </span>
     <span class='ocr_line' id='line_1_34' title="bbox 116 4464 472 4528; baseline 0.006 -2"><span class='ocrx_word' id='word_1_261' title='bbox 116 4483 179 4527; x_wconf 94' lang='lat' dir='ltr'>non</span> <span class='ocrx_word' id='word_1_262' title='bbox 206 4464 292 4528; x_wconf 90' lang='lat' dir='ltr'>ultra</span> <span class='ocrx_word' id='word_1_263' title='bbox 317 4465 472 4528; x_wconf 85' lang='lat' dir='ltr'>feremus.</span> 
     </span>
    </p>
   </div>
   <div class='ocr_carea' id='block_1_4' title="bbox 0 0 1630 5236">
    <p class='ocr_par' dir='ltr' id='par_1_5' title="bbox 0 0 1630 5236">
     <span class='ocr_line' id='line_1_35' title="bbox 0 0 1630 5236; baseline 0 0"><span class='ocrx_word' id='word_1_264' title='bbox 0 0 1630 5236; x_wconf 95' lang='lat' dir='ltr'> </span> 
     </span>
    </p>
   </div>
  </div>
 </body>
</html>
