3248 5230
899 449 961 518 272

234 649 236 654 ·
333 613 388 676 isti
411 615 518 696 ipsam
542 613 596 677 vel
620 623 814 696 opponatur
839 614 891 677 vel
916 614 1029 696 aliqua
1048 615 1180 678 ratione
1199 634 1276 677 curn
1295 634 1337 676 eo
1357 612 1524 677 vocabulo

333 733 523 796 cohaereat.
556 733 666 797 Unice
697 753 814 796 verum
847 734 999 796 videtur:
1031 754 1188 817 magnam
1216 734 1290 816 ipsa
1306 735 1430 815 fama:
1455 732 1526 796 sola

332 852 401 915 iam
424 872 534 915 rerum
559 861 730 935 gestarum
753 852 860 934 gloria
884 872 1026 935 magnus
1049 861 1085 915 et
1110 850 1232 915 nobilis
1256 851 1311 914 ille
1334 860 1407 915 erat
1432 872 1525 915 exer·

333 969 430 1034 citus.
455 971 504 1036 Cl.
524 974 616 1054 quod
638 973 792 1055 proxime
814 973 1006 1055 praecedit:
1031 967 1274 1054 ,senatumque
1294 980 1330 1035 et
1349 972 1525 1054 populum,

334 1112 507 1173 nunquam
532 1092 675 1155 obscura
699 1091 869 1155 nomina.’'
895 1090 1068 1174 Quantum
1089 1091 1220 1155 roboris
1239 1091 1273 1154 in
1292 1092 1368 1173 ipso
1387 1091 1525 1154 nomine

333 1231 373 1274 ac
397 1211 487 1275 sama
510 1211 634 1274 inesset
659 1211 766 1294 probe
791 1218 932 1274 noverat
956 1211 1084 1294 peritus
1106 1212 1295 1274 animorum
1319 1210 1399 1273 dux.

380 1449 425 1513 H.
451 1450 495 1525 II,
522 1464 572 1533 59.
598 1450 795 1513 Honoribus
814 1449 947 1513 afficere
966 1449 1153 1525 Vitellium,
1175 1451 1231 1532 qui
1253 1449 1356 1512 modo
1376 1447 1525 1522 advenit,

336 1567 518 1633 et'milites
543 1569 689 1632 Romani
714 1570 748 1632 e't
772 1570 960 1652 municipes
983 1569 1230 1652 Lugdunenses
1253 1577 1394 1632 certant.
1420 1568 1498 1632 Ille:

345 1711 347 1714 ·
384 1709 484 1769 ,mox
514 1691 707 1752 universum
738 1690 926 1752 exercitum
957 1709 1133 1752 occurrere
1165 1688 1284 1752 infanti
1314 1688 1383 1752 filio
1415 1689 1526 1764 iubet;

337 1808 572 1892 perlatumque
605 1819 639 1872 et
670 1808 914 1891 paludamento
937 1819 1094 1891 opertum
1119 1809 1192 1872 sinu
1217 1809 1366 1871 retinens
1390 1807 1527 1872 Germa·

337 1929 449 1992 nicum
473 1928 691 2012 appellavit.”

380 2049 571 2114 Perlatum:
592 2047 679 2132 quo?
701 2048 763 2111 Per
781 2048 975 2131 singulosne
996 2049 1164 2111 exercitus
1184 2045 1391 2130 manipulos?
1413 2045 1527 2109 Facile

335 2168 489 2250 intelligo
521 2176 654 2251 gestato
678 2169 872 2250 iactatoque
896 2167 1016 2230 infanti
1041 2167 1154 2249 quiete
1178 2187 1264 2250 opus
1288 2165 1399 2242 luisse,
1422 2166 1527 2229 liben-

336 2295 458 2369 terque
488 2288 523 2350 in
554 2289 628 2350 sinu
660 2307 738 2350 eum
768 2286 874 2369 patris
906 2286 1162 2350 obdormivisse.
1196 2286 1246 2350 At
1277 2295 1358 2350 tunc
1388 2287 1525 2349 demum

336 2426 414 2468 eum
447 2404 605 2469 Vitellius
635 2404 879 2489 paludamento
910 2405 1031 2468 induit.
1064 2406 1142 2468 Non
1174 2405 1246 2481 suit,
1277 2413 1314 2469 ut
1337 2406 1468 2489 opinor,
1493 2407 1525 2468 in

336 2525 494 2589 omnibus
513 2526 613 2588 rebus
632 2533 703 2588 tam
724 2532 962 2607 praeposterus
982 2533 1018 2587 et
1037 2545 1224 2607 perversus.
1251 2525 1295 2589 Et
1316 2545 1358 2588 ne
1376 2527 1419 2588 dc
1437 2545 1527 2588 novo

335 2647 417 2709 satis
448 2647 514 2709 iarn
547 2645 623 2709 sessi
648 2645 785 2708 infantis
809 2644 929 2726 loquar
952 2646 1181 2722 incommodo,
1206 2648 1359 2711 nudusne
1383 2647 1526 2710 militum

337 2764 492 2838 manibus
524 2765 672 2846 perlatus
703 2763 775 2828 est?
807 2764 881 2828 Aut
912 2785 1035 2846 susque
1060 2766 1170 2847 deque
1195 2766 1250 2829 hic
1274 2767 1389 2830 omnia
1409 2766 1527 2830 habuit

335 2884 474 2949 Tacitus
505 2893 564 2948 aut
594 2904 656 2968 pro
673 2879 845 2968 perlatum
869 2885 1051 2968 legendum
1076 2893 1127 2948 est
1143 2885 1334 2968 prolatum:
1360 2905 1483 2967 nempe
1507 2905 1525 2946 e

337 3006 495 3080 tentorio,
521 3005 578 3066 ubi
601 2985 765 3068 hactenus
787 3006 878 3087 apud
904 3006 1069 3068 nutricem
1093 3005 1242 3088 aliquam
1265 3005 1421 3069 latitavit.

384 3244 427 3307 H.
453 3244 495 3319 Il,
520 3244 573 3307 60.
600 3243 762 3307 Narratur
786 3246 961 3325 quomodo
985 3245 1052 3307 iam
1076 3245 1185 3309 victor
1205 3246 1363 3309 Vitellius
1382 3245 1527 3310 Othonis

338 3364 492 3445 cognatis
515 3363 631 3426 amicis
654 3364 866 3428 adiutoribus
889 3385 967 3427 usus
991 3365 1120 3428 sit.·1bi
1144 3373 1178 3429 et
1202 3366 1285 3430 haec
1310 3367 1482 3450 leguntur:

386 3484 515 3564 ,Mario
546 3483 645 3548 Celso
669 3483 863 3547 consulatus
887 3493 1056 3560 servatur;
1081 3487 1141 3549 sed
1166 3486 1332 3548 creditum
1356 3486 1446 3550 lama
1469 3487 1527 3550 ob·

337 3607 530 3686 iectumque
563 3624 643 3667 mox
675 3605 709 3667 in
739 3611 858 3666 senatu
891 3602 1039 3666 Caecilio
1064 3602 1226 3686 Simplici,
1251 3605 1343 3686 quod
1368 3625 1444 3668 eum
1470 3605 1525 3668 ho·

338 3745 454 3788 norem
478 3725 622 3806 pecunia
647 3722 797 3796 mercari,
822 3741 884 3784 nec
908 3721 980 3783 sine
1004 3722 1109 3784 exitio
1133 3720 1220 3786 Celsi
1245 3721 1439 3786 voluisset.”

382 3844 455 3906 Aut
482 3844 604 3908 Latine
628 3852 755 3907 temere
780 3840 946 3904 vocabula
970 3842 1137 3904 coniicere
1161 3842 1251 3917 licet,
1276 3851 1334 3906 aut
1357 3843 1450 3906 nihili
1476 3849 1524 3904 est

337 3964 498 4028 creditum
511 3967 625 4047 fama.
647 3961 738 4043 Quid
758 3960 802 4022 sit
822 3958 1004 4042 legendum
1025 3979 1093 4024 non
1114 3960 1250 4037 definio,
1272 3963 1331 4024 sed
1349 3961 1523 4044 insyllaba

337 4104 393 4148 cre
415 4102 487 4145 esse
507 4083 629 4163 opinor
648 4077 702 4142 vel
722 4078 893 4153 adiectivi,
914 4078 1006 4160 quod
1027 4087 1079 4141 est
1098 4081 1220 4156 creber,
1240 4080 1295 4144 vel
1315 4081 1420 4158 verbi,
1434 4079 1521 4164 quod

339 4203 417 4266 hinc
449 4202 614 4282 originem
646 4199 749 4272 ducit,
780 4198 927 4279 aliquam
953 4197 1106 4261 formam.
1132 4199 1264 4282 Ecquid
1289 4203 1406 4265 crebra
1423 4204 1523 4285 sama

339 4323 464 4386 omisso
477 4320 555 4402 fuit
574 4317 628 4380 vel
646 4330 730 4392 erat,
752 4317 875 4400 quibus
896 4317 1008 4381 verbis
1028 4318 1082 4382 hic
1103 4341 1188 4402 opus
1201 4341 1274 4384 esse
1287 4341 1355 4385 non
1370 4318 1522 4386 videtur?

340 4438 390 4504 Cl.
415 4437 459 4500 H.
485 4437 545 4513 IV,
575 4453 612 4500 12
640 4436 1058 4518 „crebrescentemcladis
1082 4437 1303 4504 Germanicae
1328 4440 1482 4505 lamam.'’
