3228 5236
632 443 694 509 217

111 607 271 686 ,Nomen
291 615 373 688 aput
396 614 528 669 veteres
549 607 649 682 idem,
671 608 731 671 sed
752 607 817 670 alia
837 608 869 669 in
885 607 1044 670 iudicium
1058 605 1260 668 veniebant:

75 727 94 786 si
111 727 189 807 quis
210 726 404 808 proditione
423 727 610 788 exercitum
631 735 689 789 aut
709 726 845 809 plebem
865 725 1099 800 seditionibus,
1113 724 1260 806 denique

78 847 158 908 male
182 867 217 908 re
241 854 336 928 gesta
360 847 573 910 maiestatem
598 847 716 929 populi
741 846 886 909 Romani
912 843 1118 908 minuisset.”

112 965 270 1046 Figurae,
294 985 381 1048 quae
395 986 536 1048 zeugma
549 966 681 1038 dicitur,
696 967 750 1028 hic
764 986 826 1028 nos
838 967 1025 1029 admonent
1037 965 1260 1046 grammatici,

78 1105 180 1166 neque
201 1105 268 1167 ego
289 1105 377 1167 nego
398 1105 417 1148 e
438 1087 605 1150 minuendi
624 1077 729 1149 Gerbo
745 1085 836 1149 aliud
850 1085 981 1147 extrahi
995 1103 1095 1166 posse
1108 1083 1259 1158 verbum,

77 1206 163 1284 quod
186 1205 301 1286 aliquo
326 1205 429 1268 modo
457 1205 684 1286 „exercitum”
709 1205 882 1268 obiectum
902 1203 1028 1267 habere
1049 1205 1166 1287 possit.
1192 1203 1260 1268 Sed

77 1327 153 1405 quid
177 1327 370 1389 accusativo
385 1327 511 1408 plebem
531 1324 713 1389 faciamus?
737 1325 837 1388 Certe
852 1325 977 1408 plebem
999 1325 1146 1388 minuere
1166 1323 1260 1386 nihili

77 1455 131 1518 est,
153 1446 308 1526 quamvis
330 1445 471 1508 verbum
492 1445 574 1508 illud
596 1447 629 1508 in
650 1445 752 1508 alium
772 1465 919 1520 sensum,
940 1445 997 1526 qui
1019 1437 1132 1507 tamen
1146 1443 1261 1525 aliquo

79 1566 176 1628 modo
194 1567 330 1628 innatae
343 1566 580 1647 significationi
594 1573 758 1648 cognatus
771 1567 823 1640 sit,
838 1567 1111 1646 detorqueamus
1127 1564 1260 1627 Deinde

77 1693 145 1747 tota
175 1685 240 1749 loci
271 1687 461 1749 enuntiatio
493 1687 659 1750 eiusmodi
691 1693 742 1748 est
774 1694 811 1748 ut
828 1685 922 1769 plebs
946 1692 980 1747 et
1002 1685 1167 1748 exercitus
1190 1699 1259 1747 non

78 1805 251 1868 videantur
275 1807 392 1888 populi
417 1807 563 1869 Romani
584 1814 715 1889 partes:
737 1807 863 1868 etenim
884 1824 1101 1886 quocumque
1121 1805 1260 1867 tandem

79 1926 178 1988 modo
198 1927 365 1990 minuendi
382 1926 524 1989 verbum
545 1925 713 1989 flectimus
732 1927 974 2006 vertimusque,
988 1925 1053 1987 hoc
1066 1933 1262 2007 spectantes

77 2053 110 2105 ut
131 2053 199 2106 tam
216 2045 305 2127 plebs
325 2055 359 2108 et
379 2047 542 2109 exercitus
562 2065 665 2128 quam
685 2047 841 2108 maiestas
862 2052 953 2107 recte
973 2045 1079 2107 minui
1096 2045 1261 2120 dicantur,

77 2165 268 2226 adverbium
301 2165 437 2246 denique
467 2174 558 2228 certe
591 2185 658 2228 non
690 2174 805 2248 potest
835 2165 932 2228 aliter
955 2165 1062 2247 accipi
1087 2185 1188 2245 quam
1213 2165 1261 2226 sic

78 2291 111 2344 ut
136 2303 198 2345 non
217 2284 508 2366 comprehendendi
527 2284 740 2368 (,kortom’'),
762 2286 821 2347 sed
843 2285 1016 2347 claudendi
1032 2281 1261 2365 (,eindelijk’')

81 2403 147 2464 vim
170 2402 303 2466 habeat.
331 2403 413 2466 Mihi
437 2403 512 2466 luce
536 2404 657 2466 clarius
680 2405 815 2467 videtur
835 2404 869 2467 et
888 2405 1068 2467 exercitum
1089 2405 1123 2466 e't
1137 2403 1263 2487 plebem

82 2523 157 2584 olim
177 2522 275 2584 luisse
296 2523 535 2586 annotationes
555 2523 711 2598 hominis,
732 2525 789 2605 qui
803 2544 845 2587 ne
859 2523 1101 2586 vocabulorum
1114 2524 1264 2605 quidem,

83 2661 163 2721 quae
194 2651 272 2705 sunt
299 2643 447 2725 proditio
474 2651 508 2705 et
532 2644 656 2718 seditio,
681 2644 886 2707 sententiam
911 2653 1066 2707 accurate
1091 2645 1263 2726 cognitam

82 2760 224 2836 haberet,
259 2762 324 2824 hoc
358 2763 481 2824 docere
512 2764 611 2825 unice
644 2763 811 2825 studentis
836 2764 1058 2846 proditionem
1084 2784 1154 2826 rem
1180 2784 1262 2838 esse,

81 2899 161 2960 quae
190 2883 232 2944 ad
266 2882 465 2956 exercitum,
497 2883 693 2957 seditionem,
727 2903 813 2964 quae
837 2884 880 2946 ad
906 2883 1041 2964 plebem
1068 2885 1263 2965 pertineret.

82 2998 221 3063 Reiectis
233 3021 253 3063 e
266 3009 363 3062 textu
377 3002 654 3078 annotationibus
664 3003 831 3085 optimum
842 3004 1120 3094 verissimumque
1134 3004 1263 3066 restitui

81 3137 207 3182 sensum
233 3120 268 3183 et
293 3119 358 3183 alia
383 3121 489 3183 multa
513 3121 639 3184 docent
664 3130 698 3184 et
722 3122 755 3183 hi
781 3121 953 3185 Ciceronis
972 3122 1054 3185 loci:
1076 3124 1118 3185 de
1140 3121 1197 3187 Or.
1220 3123 1263 3198 II,

90 3239 161 3317 164;
186 3240 273 3303 Part.
299 3240 357 3305 Or.
383 3241 496 3316 XXX,
526 3257 595 3321 105.

126 3357 166 3419 A.
197 3360 240 3434 II,
276 3375 327 3440 52.
364 3357 460 3440 Quae
492 3359 546 3422 hic
572 3362 614 3422 de
639 3361 778 3443 proelio,
804 3382 872 3442 quo
897 3361 1093 3424 Tacfarinas
1116 3381 1137 3423 a
1161 3361 1264 3424 Furio

85 3474 217 3541 Camillo
250 3478 342 3541 susus
374 3477 639 3561 profligatusque
671 3489 732 3554 est,
766 3490 943 3543 narrantur
972 3501 991 3543 e
1023 3502 1082 3542 sex
1106 3489 1265 3543 constant

84 3599 243 3677 partibus:

130 3735 152 3780 1.
176 3718 335 3783 Camillus
359 3721 391 3782 in
418 3720 551 3782 hostem
576 3721 690 3784 duxit:
720 3721 908 3802 ,modicam
933 3741 1081 3795 manum,
1105 3722 1132 3783 si
1154 3721 1264 3785 multi·

82 3837 226 3901 tudinem
253 3839 477 3902 Numidarum
501 3848 604 3922 atque
630 3841 824 3904 Maurorum
848 3841 1053 3923 spectares.”

127 3971 153 4016 2.
190 3955 276 4036 ,Sed
313 3957 395 4020 nihil
430 3979 538 4040 aeque
573 3959 768 4035 cavebatur,
804 3981 906 4042 quam
939 3981 981 4023 ne
1013 3960 1138 4022 bellum
1172 3972 1265 4023 metu

85 4071 284 4139 eluderent.'’

132 4211 156 4272 3.
182 4195 267 4278 ,Spe
291 4196 453 4260 victoriae
479 4198 606 4261 inducti
631 4209 709 4262 sunt
734 4207 770 4262 ut
796 4200 1042 4262 vincerentur.''

130 4329 158 4388 4.
194 4315 317 4396 ,Igitur
348 4317 438 4398 legio
471 4318 594 4392 medio,
626 4319 718 4381 leves
750 4319 908 4382 cohortes
939 4321 1094 4401 duaeque
1125 4316 1198 4380 alae
1229 4317 1263 4377 in

89 4431 236 4496 cornibus
258 4433 445 4498 locantur.’'
