3266 5238
901 411 944 477 74

376 573 463 656 ,Sed
488 575 674 657 vulgus-
698 575 823 638 sentire
847 574 1010 658 paulatim
1035 575 1113 638 belli
1137 574 1226 638 mala
1249 613 1292 622 —
1316 597 1404 658 quae
1423 585 1519 640 motu

330 694 485 757 Vindicis
516 693 606 756 haud
635 695 776 776 perinde
804 694 940 778 plebem
963 695 1176 771 attriverant,
1199 716 1317 759 secura
1339 705 1412 759 tum
1437 697 1520 760 urbe

326 823 361 876 et
385 813 584 896 provinciali
609 813 709 889 bello,
734 815 826 896 quod
851 814 939 876 inter
962 814 1113 896 legiones
1137 813 1331 897 Galliasque
1350 815 1443 878 velut
1463 836 1522 878 ex·

327 943 461 996 ternum
495 933 567 996 fuit.
601 933 689 997 Nam
722 954 766 996 ex
807 953 875 1016 quo
907 933 1015 996 Divus
1048 933 1299 1016 Augustus
1325 935 1523 1016 (sequuntur

327 1054 495 1134 quaedam
520 1053 563 1115 de
587 1073 698 1115 rerum
721 1061 811 1116 statu
837 1053 1081 1135 imperantibus
1103 1051 1262 1135 Augusto
1283 1053 1420 1116 Tiberio
1439 1053 1523 1118 Caio

330 1171 472 1237 Claudio
505 1172 651 1248 Nerone,
686 1173 797 1254 deque
830 1172 976 1235 Neronis
1006 1172 1100 1255 fine).
1127 1172 1216 1236 Tum
1244 1173 1301 1255 (se.
1326 1173 1463 1238 Othone
1487 1184 1524 1238 et

331 1290 471 1354 Vitellio
496 1293 539 1354 de
564 1293 706 1374 imperio
732 1291 951 1373 certantibus)
976 1291 1127 1375 legiones
1150 1312 1179 1354 e.
1204 1313 1237 1375 q.
1261 1291 1321 1356 s.”.

374 1411 430 1476 Sic
451 1430 532 1493 ergo
553 1410 772 1474 ratiocinatur
791 1409 945 1472 Tacitus:
970 1419 1061 1490 ,tum
1082 1412 1219 1474 demum
1241 1413 1311 1476 veri
1331 1412 1411 1475 belli
1432 1413 1523 1476 mala

330 1530 475 1614 populus
509 1531 625 1606 sensit,
660 1550 747 1611 quae
782 1531 945 1612 quamdiu
981 1530 1015 1592 in
1047 1528 1157 1594 Gallia
1187 1541 1306 1595 contra
1338 1532 1522 1595 Vindicem

329 1649 552 1733 pugnabatur,
577 1650 620 1712 ad
646 1649 763 1712 urbem
789 1670 894 1732 usque
915 1670 983 1713 non
1004 1659 1281 1734 penetraverant,
1303 1653 1346 1715 de
1365 1661 1524 1735 tempore

330 1771 423 1852 quod
447 1769 509 1832 fuit
531 1770 611 1832 inde
635 1769 679 1833 ab
703 1770 801 1832 initio
824 1770 1021 1852 Augusteae
1046 1771 1167 1834 aetatis
1188 1791 1293 1853 usque
1313 1773 1356 1835 ad
1379 1772 1526 1835 Neronis

331 1890 433 1953 finem
457 1891 564 1954 taceri
584 1890 637 1952 hic
654 1901 778 1972 potest:
804 1889 931 1952 nullum
958 1890 1047 1952 enim
1072 1899 1144 1953 tum
1168 1889 1295 1952 bellum
1321 1889 1415 1953 fuit”.

377 2009 492 2073 Unum
523 2008 626 2071 animi
658 2029 758 2072 causa
786 2007 898 2071 locum
924 2010 1024 2084 addo,
1050 2009 1107 2072 ubi
1131 2011 1267 2092 egregie
1291 2011 1526 2092 perspicuitati

330 2128 522 2191 consultum
553 2128 679 2203 fuisset,
710 2129 737 2191 si
770 2129 1020 2211 praeteritionis
1050 2148 1150 2192 causa
1178 2130 1299 2192 eadem
1326 2149 1405 2192 usus
1436 2138 1528 2192 esset

332 2248 571 2311 coniunctione
606 2247 756 2324 Tacitus,
791 2250 851 2313 sed
886 2249 944 2331 qui
980 2269 1069 2312 nunc
1099 2249 1181 2312 satis
1211 2249 1374 2313 obscurus
1406 2251 1527 2326 evasit,

331 2387 408 2428 cum
431 2367 529 2430 aliter
552 2369 595 2430 sit
620 2367 867 2443 conformatus;
892 2368 984 2430 Ann.
1009 2368 1070 2443 III,
1095 2369 1155 2447 64:

378 2488 548 2571 ,(propter
578 2487 697 2550 Liviae
729 2487 962 2570 valitudinem)
990 2485 1155 2569 supplicia
1179 2486 1317 2569 ludique
1341 2487 1454 2571 magni
1477 2488 1526 2550 ab

329 2615 448 2670 senatu
480 2606 718 2681 decernuntur,
749 2625 835 2688 quos
866 2605 1045 2688 pontifices
1076 2614 1111 2668 et
1141 2625 1285 2688 augures
1316 2615 1350 2669 et
1381 2607 1526 2689 quinde-

331 2725 461 2788 cimviri
488 2725 702 2808 septemviris
724 2725 823 2788 simul
847 2733 882 2788 et
905 2724 1078 2788 sodalibus
1102 2724 1347 2807 Augustalibus
1369 2726 1525 2788 ederent.

329 2846 515 2910 Censuerat
538 2846 578 2909 L.
604 2845 787 2929 Apronius
812 2855 850 2909 ut
874 2845 1004 2908 fetiales
1027 2866 1164 2928 quoque
1188 2846 1228 2908 iis
1247 2845 1334 2909 ludis
1354 2847 1527 2929 praeside·

329 2975 414 3029 rent.
443 2965 659 3030 Contradixit
687 2965 819 3042 Caesar,
844 2966 1005 3030 distincto
1029 2967 1296 3030 sacerdotiorum
1320 2967 1392 3029 iure
1415 2974 1450 3028 et
1472 2985 1527 3028 re-

331 3087 447 3169 petitis
467 3085 649 3168 exemplis:
671 3104 782 3167 neque
803 3086 893 3148 enim
911 3105 1059 3166 unquam
1077 3084 1246 3148 fetialibus
1259 3085 1324 3148 hoc
1338 3085 1527 3148 maiestatis

333 3205 442 3267 fuisse.
475 3205 559 3268 Ideo
586 3203 792 3287 Augustales
816 3206 977 3280 adiectos,
1005 3205 1084 3287 quia
1108 3205 1283 3287 proprium
1307 3205 1378 3268 eius
1402 3204 1527 3266 domus

331 3323 558 3387 sacerdotium
583 3332 682 3399 esset,
707 3344 769 3406 pro
793 3345 859 3406 qua
883 3333 964 3387 vota
988 3323 1293 3406 persolverentur”.

377 3441 546 3524 Quoniam
557 3442 712 3506 Tiberius
723 3443 771 3506 sic
784 3443 977 3525 Apronium
990 3442 1127 3506 refutat:
1145 3440 1233 3522 „noli
1244 3442 1308 3505 hoc
1322 3450 1526 3524 argumento

331 3563 379 3626 uti
400 3563 492 3645 quod
512 3571 547 3626 et
566 3562 773 3646 Augustales
793 3563 846 3625 hic
865 3583 886 3625 a
905 3583 959 3625 me
979 3563 1103 3626 adiecti
1125 3563 1192 3625 sint
1212 3563 1351 3625 summis
1368 3562 1526 3625 sacerdo-

330 3684 438 3746 tibus:
471 3683 535 3745 hoc
567 3691 618 3746 est
649 3683 878 3746 sacerdotium
910 3682 1083 3765 proprium
1114 3682 1186 3745 eius
1214 3681 1345 3756 domus,
1371 3701 1432 3763 pro
1455 3701 1527 3762 qua

331 3813 411 3866 vota
447 3802 716 3886 persolvuntur”‚
753 3802 860 3865 multo
892 3801 1011 3865 melius
1042 3821 1119 3865 eum
1151 3801 1385 3884 intelligerem,
1417 3801 1444 3863 si
1476 3802 1526 3863 sic

332 3924 470 3988 Tacitus
493 3925 698 4005 scripsisset:
722 3944 799 3986 nam
823 3923 1023 4006 Augustales
1045 3923 1116 3985 ideo
1132 3923 1280 3986 ,adiectos
1302 3942 1332 3984 e.
1357 3941 1390 4004 q.
1414 3940 1439 3983 s.
1457 3917 1491 4002 ¹).

371 4155 618 4222 1)Praeteritiouis,
643 4173 710 4222 quae
734 4157 920 4208 coniunctione
944 4173 1005 4206 nam
1025 4157 1063 4221 fit,
1081 4157 1181 4206 nullum
1202 4164 1240 4206 est
1260 4155 1331 4222 apud
1349 4156 1468 4206 Tacitum
1488 4155 1531 4204 lu·

332 4242 461 4292 culentius
480 4241 628 4306 exemplum
646 4257 723 4307 quam
743 4244 813 4309 quod
834 4244 910 4310 xlll,
933 4255 965 4306 37
983 4244 1092 4308 legitur:
1111 4243 1243 4306 „Corbulo
1319 4241 1535 4307 dispertitvires,

332 4335 360 4378 ut
378 4327 457 4391 legati
477 4328 654 4393 praefectique
673 4329 789 4380 diversos
808 4331 880 4379 locos
900 4331 996 4395 pariter
1014 4329 1169 4378 invaderent
1188 4327 1237 4394 (sc.
1258 4327 1428 4394 Armeniam).
1445 4327 1531 4377 Simul

330 4428 417 4476 regem
437 4413 594 4464 Antiochum
612 4423 701 4464 monet
720 4417 850 4479 proximas
869 4417 920 4466 sibi
940 4415 1113 4480 praefecturas
1134 4423 1230 4480 petere.
1250 4415 1317 4463 Nam
1336 4415 1532 4463 Pharasmanes
