3258 5240
693 457 709 520 3

104 619 187 682 dum
211 615 387 681 videatur”
412 618 460 680 sic
484 617 667 680 edicebant
690 617 752 680 viri
773 617 876 691 docti,
898 635 1004 699 penes
1024 637 1110 698 quos
1130 637 1300 680 summum

103 735 286 818 imperium
306 755 378 800 esse
396 736 592 798 videbatur:
614 734 801 810 „habemus
819 736 909 796 enim
927 735 961 797 id
980 736 1072 817 quod
1092 756 1298 818 quemquam

103 856 292 937 quidquam
316 876 378 918 suo
401 856 565 919 arbitratu
590 854 643 917 vel
668 856 778 919 lacere
803 855 855 917 vel
880 855 1011 937 opinari
1036 856 1176 931 vetabit,
1198 855 1301 919 habe·

104 994 247 1036 mus-
270 994 292 1036 o
325 974 464 1036 meliora
494 975 633 1042 tandem
665 973 794 1036 discere
826 973 937 1056 incipe
970 974 1122 1057 quisquis
1153 983 1212 1037 tuo
1236 974 1299 1038 tibi

103 1094 264 1157 standum
300 1093 425 1156 iudicio
461 1101 560 1175 putas
591 1129 634 1138 -
664 1106 793 1156 LEGEM
804 1091 832 1155 !”
869 1093 942 1156 Iam
980 1093 1037 1156 illo
1068 1094 1151 1176 legis
1181 1094 1299 1158 audito

106 1213 275 1277 vocabulo
299 1213 375 1294 quis
399 1233 467 1275 non

419 1329 524 1408 μέγαν
548 1327 631 1394 ὄκνον
656 1328 723 1410 ἔχει
749 1328 802 1394 καὶ
826 1329 1012 1411 aemilianus

372 1449 472 1528 <briam
496 1450 533 1520 ὡς
556 1447 648 1526 ὄμμα
672 1447 820 1519 melleraie?

107 1570 200 1652 Ergo
224 1567 366 1644 ἔπτηξαν
391 1567 521 1640 πάντες.

152 1689 242 1752 Nam
266 1689 379 1752 hercle
403 1691 487 1752 dura
510 1698 582 1753 erat
606 1688 663 1753 illa
687 1688 822 1752 Nisseni
847 1689 903 1752 lex
927 1691 980 1753 cui
1006 1691 1193 1773 parendum
1218 1701 1300 1756 erat.

109 1808 235 1892 „Apud
267 1811 426 1891 antiquos
458 1810 485 1872 si
518 1810 593 1891 quis
624 1810 796 1872 scribebat
827 1811 918 1891 quod
951 1811 1114 1892 scriptum
1139 1811 1205 1874 iam
1229 1820 1303 1874 erat

105 1930 150 1992 ab
181 1929 259 2003 alio,
288 1929 370 1992 nihil
395 1928 450 1990 ille
475 1928 640 2002 mutabat,
664 1928 724 1991 sed
749 1929 842 2010 quod
866 1929 1053 2003 invenerat,
1078 1929 1185 1992 itaut
1209 1931 1302 1992 inve·

106 2057 215 2123 nerat,
250 2049 284 2111 in
318 2067 414 2110 suum
446 2046 673 2110 transferebat
704 2045 860 2109 librum’'.
892 2046 1068 2111 Adversus
1099 2049 1303 2130 sapientiam

106 2166 201 2230 illam
226 2166 407 2229 caelestem

287 2284 416 2347 Primus
440 2284 555 2348 Gallus
580 2284 683 2348 homo
709 2284 868 2348 mortales
892 2286 1032 2348 tendere
1057 2294 1176 2350 contra

287 2403 349 2467 Est
374 2404 491 2467 oculos
515 2424 615 2467 ausus
639 2404 833 2486 primusque
858 2404 1022 2467 obsistere
1046 2414 1175 2469 contra.

106 2522 213 2586 Anno
237 2523 327 2586 enim
357 2523 437 2604 1895
465 2522 594 2586 Gaston
620 2523 765 2586 Boissier
785 2520 796 2582 l
818 2519 900 2584 πάνυ
921 2523 1028 2585 diario
1050 2543 1078 2585 c.
1100 2532 1124 2587 t.
1149 2523 1303 2605 „Journal

107 2643 170 2705 des
201 2639 368 2705 Savants’'
394 2662 426 2723 p.
450 2657 514 2721 403
546 2661 620 2722 sqq.
646 2641 913 2723 disputationem
937 2641 1151 2704 inserendam
1174 2643 1304 2704 curavit

108 2762 306 2843 inscriptam
341 2761 409 2840 „les
438 2780 573 2824 sources
597 2761 640 2822 de
664 2759 816 2835 Tacite'’,
841 2781 907 2841 qua
931 2760 1045 2842 lepide
1069 2759 1222 2840 salseque
1247 2761 1304 2822 de·

107 2882 311 2944 monstravit
334 2879 500 2942 eiusmodi
525 2879 645 2961 legem,
669 2879 696 2942 si
725 2881 861 2958 „stricto
885 2877 1006 2941 sensu”
1031 2879 1075 2941 sit
1095 2877 1303 2960 accipienda,

108 3019 283 3082 nunquam
315 3018 457 3081 usquam
485 2998 639 3074 valuisse,
663 3000 689 3062 si
715 2998 851 3062 liberius
874 3000 917 3062 sit
943 2998 1208 3081 interpretanda,
1234 3018 1305 3060 om·

108 3121 203 3182 nium
228 3117 328 3182 luisse
354 3118 556 3201 populorum
580 3127 799 3199 aetatumque
824 3120 986 3182 omnium.

157 3239 277 3319 „Nunc
301 3238 438 3301 demum
459 3238 546 3300 redit
566 3235 718 3300 animus’'
739 3246 774 3300 et
792 3257 1000 3319 quamquam
1021 3237 1130 3319 primo
1150 3245 1305 3318 tempore

108 3365 293 3440 postquam
314 3356 402 3419 hanc
422 3356 530 3419 lacem
551 3355 673 3419 extulit
694 3355 848 3430 Boissier‚
870 3357 1022 3418 nondum
1044 3356 1077 3418 in
1093 3354 1182 3417 clara
1196 3375 1305 3417 versa·

108 3477 231 3539 bamur
261 3473 346 3549 luce,
378 3483 493 3537 tamen
526 3477 592 3538 iam
626 3475 727 3557 paulo
759 3474 877 3538 melius
909 3495 1011 3556 quam
1042 3482 1144 3536 antea
1174 3472 1304 3555 singula

107 3596 341 3670 discernimus,
367 3597 560 3678 sensimque
584 3594 801 3677 intelligimus
825 3603 990 3677 quantum
1015 3594 1049 3656 in
1072 3593 1147 3673 lege
1169 3591 1303 3654 Nisseni

109 3725 145 3780 et
177 3717 211 3778 in
243 3715 404 3797 opinione
435 3714 491 3777 illa
522 3714 565 3776 de
596 3714 717 3777 Tacito
746 3713 891 3777 fideliter
913 3720 1068 3777 auctores
1091 3708 1305 3771 exscribente

109 3833 242 3896 ridiculi
273 3833 317 3896 sit
345 3842 448 3915 atque
472 3833 619 3896 absurdi.
645 3833 760 3898 Unum
785 3832 876 3894 dabo
900 3828 1106 3911 exemplum,
1131 3846 1199 3908 quo
1223 3824 1306 3888 nihil

109 3954 154 4016 ad
179 3951 439 4033 significandum
464 3951 545 4033 quid
570 3970 726 4013 censeam
751 3949 862 4031 aptius
888 3948 1053 4011 videatur.

156 4071 295 4134 Tacitus
330 4070 386 4152 (H.
420 4071 444 4144 I,
478 4071 532 4152 74)
565 4079 678 4133 narrat
709 4068 916 4150 aliquamdiu
949 4066 1122 4131 Othonem
1154 4066 1241 4127 inter
1272 4070 1306 4125 et

110 4189 292 4253 Vitellium
326 4188 427 4252 luisse
463 4189 636 4270 quoddam
672 4190 716 4251 de
750 4206 833 4270 pace
865 4186 1104 4269 componenda
1134 4183 1306 4247 literarum

109 4308 365 4384 commercium,
399 4309 490 4389 quod
522 4316 636 4370 tamen
670 4306 745 4389 paci
778 4306 888 4368 obluit
912 4306 1019 4386 magis
1043 4324 1145 4385 quam
1170 4301 1306 4384 proluit,

110 4447 189 4494 nam
220 4425 342 4508 „mox”
366 4427 482 4510 (ipsius
506 4425 589 4489 haec
615 4425 724 4488 Taciti
751 4424 855 4487 verba
879 4424 967 4506 sunt)
