3228 5236
875 463 934 543 178

355 637 428 714 ,alii
451 636 584 712 liberos,
605 639 660 702 alii
681 641 841 722 coniuges
862 640 1002 703 vocibus
1021 638 1239 720 requirebant
1258 634 1399 697 vocibus
1420 652 1495 694 nos·

306 753 490 831 citabant,”
513 757 573 820 sed
597 757 644 819 ibi
668 760 879 840 requirebant
902 759 973 822 eius
997 757 1090 820 verbi
1115 755 1236 838 implet
1256 761 1378 836 partes,
1400 751 1493 833 quod

307 875 398 955 apud
423 875 578 938 Tacitum
600 886 651 940 est
671 880 904 960 reponendum
926 876 1121 959 (poscebant)
1142 883 1177 937 et
1192 874 1321 938 vecibus
1333 873 1497 936 noscitare

308 1001 399 1054 recte
427 993 559 1070 dicitur,
583 1004 618 1058 at
642 997 821 1061 ululatibus
843 1009 875 1061 et
891 997 1018 1080 gemitu
1042 994 1212 1058 noscebant
1234 992 1419 1055 absurdum
1445 999 1497 1053 est

307 1112 439 1192 eritque
470 1132 613 1195 semper.
655 1113 785 1195 Quodsi
817 1117 893 1197 quis
924 1135 965 1178 eo
996 1114 1168 1195 confugiat
1201 1121 1237 1175 ut
1269 1113 1360 1174 dicat
1391 1111 1496 1174 etiam

308 1250 435 1305 eorum,
461 1231 517 1313 qui
541 1233 614 1295 dira
633 1233 730 1297 clade
749 1235 865 1298 audita
885 1240 1111 1308 accurrerunt,
1134 1231 1278 1295 ululatus
1297 1240 1331 1293 et
1352 1231 1499 1313 gemitus

309 1350 488 1427 exstitisse,
517 1371 620 1432 quarn
645 1353 765 1415 durum
790 1354 1026 1435 ingratumque
1050 1352 1132 1414 illud
1156 1352 1199 1413 sit
1223 1351 1380 1414 observet
1404 1349 1497 1430 quod

309 1469 343 1530 in
378 1470 547 1533 sententia
577 1471 626 1533 ita
655 1479 792 1546 structa,
824 1481 861 1534 ut
890 1471 975 1534 haec
1007 1479 1068 1546 est,
1101 1470 1166 1533 alia
1195 1479 1249 1533 est
1279 1470 1365 1531 ratio
1396 1467 1496 1550 primi

308 1587 448 1651 ablativi
471 1589 555 1664 uisu,
580 1589 646 1652 alia
668 1590 917 1673 insequentium
942 1590 1122 1655 ululatibus
1144 1602 1176 1653 et
1194 1589 1330 1672 gemitu.

355 1825 399 1888 A.
425 1827 476 1890 IV
499 1847 528 1889 c.
552 1829 595 1910 67
619 1829 666 1890 sic
691 1828 828 1910 incipit:

357 1945 427 2026 „At
454 1945 576 2010 Caesar
600 1947 765 2010 dedicatis
789 1967 849 2030 per
873 1947 1095 2030 Campaniam
1119 1945 1265 2028 templis,
1290 1962 1498 2026 quamquam

310 2064 424 2127 edicto
456 2065 651 2140 monuisset,
684 2085 726 2128 ne
750 2066 825 2147 quis
849 2066 1000 2148 quietem
1024 2066 1095 2128 eius
1119 2065 1335 2147 inrumperet,
1361 2083 1502 2126 concur·

310 2202 433 2264 susque
457 2184 706 2266 oppidanorum
730 2185 897 2268 disposito
921 2186 1026 2248 milite
1051 2184 1310 2267 prohiberentur
1332 2203 1362 2244 e.
1375 2203 1407 2265 q.
1419 2181 1469 2244 s.”

356 2302 420 2365 Pro
439 2303 644 2387 inrumperet
664 2303 816 2367 Heraeus
835 2303 1018 2386 legendum
1037 2324 1110 2367 esse
1131 2304 1216 2366 vidit
1232 2305 1500 2384 interrumperet,

313 2424 603 2505 necessariamque
623 2444 698 2487 eam
719 2445 792 2487 esse
811 2425 1087 2487 emendationem
1108 2431 1213 2506 patet.
1239 2423 1328 2485 Nam
1347 2440 1433 2503 quae
1454 2421 1500 2482 ad

313 2539 483 2623 vulgatam
524 2540 705 2607 lectionem
742 2542 992 2606 defendendam
1027 2542 1124 2606 affert
1160 2542 1341 2604 Fumeaux
1376 2539 1500 2621 insigni

312 2661 547 2726 demonstrant
582 2663 741 2746 exemplo
776 2683 877 2745 quam
913 2662 1052 2726 ridicule
1087 2662 1206 2743 aliquis
1240 2660 1354 2743 specie
1385 2659 1500 2740 decipi

312 2781 429 2862 possit.
466 2779 551 2845 Sunt
574 2781 664 2845 enim
688 2781 789 2844 haec:

358 2900 401 2962 H.
433 2900 458 2976 1,
492 2902 533 2963 82
566 2902 620 2983 (de
652 2903 874 2983 praetorianis
905 2902 1014 2983 agitur
1046 2901 1145 2964 nimis
1176 2919 1237 2982 pro
1269 2894 1407 2963 Othone
1437 2917 1502 2960 suo

312 2997 493 3100 sollicitis):

359 3139 525 3218 ,Militum
545 3140 692 3223 impetus
713 3161 754 3204 ne
775 3140 901 3204 foribus
920 3141 1058 3222 quidem
1079 3139 1198 3203 Palatii
1219 3139 1394 3212 coercitus,
1415 3155 1503 3218 quo·

309 3259 422 3320 minus
444 3259 637 3321 convivium
661 3259 901 3341 inrumperet.”

356 3377 408 3439 De
443 3377 604 3440 militibus
638 3379 906 3454 accurrentibus,
943 3380 1108 3461 impetum
1143 3377 1361 3454 facientibus,
1396 3398 1501 3460 aegre

251 3495 255 3503 '
309 3504 406 3559 extra
440 3495 559 3560 Palatii
594 3496 682 3560 fores
716 3498 871 3561 coercitis
902 3518 944 3560 ne
976 3499 1087 3581 potuit
1119 3498 1257 3580 quidem
1288 3496 1378 3560 aliud
1411 3501 1496 3580 poni

308 3615 450 3679 verbum
474 3637 576 3698 quam
598 3617 808 3697 irrumpendi
829 3616 921 3680 illud.
947 3617 1084 3699 Ergone
1107 3618 1211 3680 etiam
1233 3619 1335 3681 otium
1355 3617 1499 3682 alicuius

307 3744 400 3798 recte
423 3736 572 3820 irrumpi
594 3734 738 3799 dicitur?

353 3855 397 3917 H.
426 3854 486 3930 lV,
514 3869 564 3936 50.
590 3856 712 3918 Festus
734 3855 877 3937 legionis
901 3857 934 3917 in
959 3854 1075 3918 Africa
1099 3856 1239 3938 legatus,
1264 3857 1393 3920 dudum
1418 3877 1496 3939 per-

308 3974 430 4036 niciem
460 3974 572 4037 Pisoni
606 3974 751 4050 molitus,
776 3974 833 4037 ubi
857 3975 997 4038 tandem
1021 3973 1217 4039 facultatem
1240 3975 1397 4039 facinoris
1421 3996 1499 4058 per-

308 4092 464 4175 petrandi
489 4100 607 4155 nactus
629 4101 697 4156 est:

355 4213 506 4295 ,equites
526 4211 558 4273 in
579 4230 697 4275 necem
718 4212 848 4275 Pisonis
868 4213 983 4275 mittit.
1009 4211 1059 4274 llli
1081 4213 1204 4294 raptim
1225 4213 1325 4288 vecti,
1347 4213 1495 4277 obscuro

308 4331 419 4394 adhuc
443 4337 587 4410 coeptae
610 4329 693 4392 lucis
717 4331 857 4395 domum
880 4330 1090 4413 proconsulis
1112 4331 1342 4412 inrumpunt.”

355 4449 486 4510 Docere
527 4447 757 4512 huiuscemodi
798 4451 863 4513 loci
904 4452 1070 4513 editorem
1112 4458 1270 4531 poterant
1307 4451 1366 4512 ubi
1401 4459 1495 4513 recte
