3266 5238
913 401 956 482 76

386 581 451 644 Hic
482 579 685 644 attinebatur
717 579 763 642 sic
788 578 937 661 explicat
960 577 1158 641 Furneaux:
1187 576 1437 659 ,deprehensus
1460 586 1534 640 erat

339 710 374 764 et
398 696 686 773 custodiebatur”,
711 718 829 780 parum
854 707 955 772 recte,
980 697 1006 760 si
1032 697 1114 779 quid
1139 696 1250 758 video,
1276 696 1354 758 Non
1375 697 1465 759 enirn
1485 698 1535 759 sic

339 820 429 882 nude
450 817 589 882 attineri
607 817 730 879 dicitur
749 818 806 899 qui
827 816 955 892 vinclis,
976 835 1121 891 carcere,
1140 815 1295 878 custodia
1314 815 1536 897 coercetur¹),

338 940 398 1002 sed
435 939 472 1013 is,
508 938 561 1000 cui
593 957 707 1000 morae
739 936 865 1018 aliquid
899 937 1021 1000 incidit
1054 936 1234 1018 quominus
1265 936 1330 998 iter
1359 937 1537 1019 inceptum

341 1065 572 1141 persequatur.
603 1055 659 1120 Sic
690 1057 744 1120 hic
773 1058 959 1132 Petronius,
984 1077 1061 1119 cum
1085 1055 1226 1138 periculi
1248 1055 1376 1136 aliquid
1400 1055 1538 1119 odorari
1628 1125 1629 1138 ,

341 1178 466 1260 coepit,
497 1175 635 1239 obviam
667 1176 794 1240 Neroni
827 1175 1060 1259 proficiscitur,
1091 1175 1180 1238 haud
1209 1174 1368 1238 dubitans
1390 1175 1483 1257 quin,
1508 1175 1539 1237 si

343 1295 514 1358 Neronem
550 1297 773 1370 convenisset,
810 1304 928 1378 parata
963 1295 1026 1357 sibi
1061 1293 1150 1356 salus
1184 1301 1291 1368 esset;
1325 1294 1385 1356 sed
1419 1292 1537 1356 Cumis

341 1413 507 1497 inopinati
537 1415 701 1495 quiddam
734 1415 862 1489 incidit,
892 1415 985 1496 quod
1010 1413 1191 1495 quominus
1215 1412 1387 1475 Neronem
1411 1433 1536 1476 conve·

342 1534 428 1596 niret
452 1532 672 1616 impediebat,
696 1553 778 1616 ergo
801 1534 872 1615 ipse
898 1533 944 1595 ibi
966 1541 1110 1596 mortem
1129 1532 1193 1594 sibi
1214 1532 1389 1595 conscivit.
1411 1531 1538 1597 Cumas

343 1653 387 1716 ad
411 1673 489 1715 eum
513 1653 706 1736 pervenisse
731 1637 897 1728 n'untium,
922 1673 991 1734 quo
1015 1653 1057 1715 de
1082 1652 1182 1716 rebus
1208 1653 1338 1715 Romae
1361 1653 1465 1734 gestis
1488 1653 1539 1716 ita

345 1774 545 1836 edoceretur
574 1783 612 1836 ut
637 1773 739 1837 dese
764 1792 901 1855 quoque
925 1783 1039 1836 actum
1062 1792 1136 1835 esse
1160 1771 1374 1854 intelligeret,
1398 1771 1453 1834 vel
1475 1772 1540 1834 ibi·
1628 1769 1629 1772 ’

384 2001 411 2068 1)
430 2002 490 2052 Hoc
509 2017 586 2052 sensu
611 2018 669 2052 eum
688 2002 821 2052 attinendi
839 2003 921 2052 utitur
938 2003 1018 2051 verbo
1037 2001 1153 2067 Tacitus,
1172 2015 1275 2065 semper
1292 2008 1336 2049 aut
1355 2015 1413 2050 cum
1429 2015 1542 2064 carcere,

344 2090 461 2138 custodia
485 2091 569 2139 simm.
595 2089 659 2140 illud
685 2090 780 2154 iungit,
799 2097 842 2138 aut
862 2089 990 2138 eiusmodi
1009 2088 1137 2137 vocabula
1155 2087 1184 2136 In
1204 2086 1322 2151 proxima
1339 2087 1415 2151 ponit
1434 2086 1541 2150 aleluia,

343 2183 387 2224 aut
411 2175 526 2240 denique
544 2175 634 2241 aliquo
653 2175 730 2225 modo
749 2175 828 2225 efficit
846 2183 874 2224 ut
890 2174 1005 2224 dubitari
1023 2190 1076 2223 non
1096 2173 1180 2238 possit
1198 2173 1263 2238 quin
1281 2173 1375 2222 artiore
1394 2187 1471 2221 sensu
1490 2171 1540 2220 illo

344 2263 394 2311 hoc
413 2263 521 2312 verbum
539 2263 573 2312 sit
591 2261 805 2326 intelligendum:

381 2349 413 2398 A.
434 2349 483 2398 III.
502 2349 536 2412 36
560 2349 666 2398 attineri
691 2348 798 2413 publiea
819 2347 952 2413 custodia3
975 2347 1023 2412 VI,
1045 2359 1076 2409 19
1096 2341 1142 2411 qui
1160 2360 1262 2395 carcere
1279 2345 1468 2409 attinebantnr3
1489 2345 1541 2408 VI,

344 2447 377 2497 23
400 2441 543 2484 extractum
564 2435 696 2484 custodiae
715 2435 836 2483 iuvenem
855 2431 927 2498 (nam
946 2433 974 2482 in
994 2433 1093 2482 Palatio
1112 2429 1295 2497 attinebatur),
1316 2431 1391 2496 XIII,
1413 2440 1442 2494 15
1463 2445 1541 2494 prae-

343 2523 424 2572 toriae
443 2521 557 2572 cohortis
575 2523 690 2588 tribnno,
708 2522 781 2572 euius
799 2537 860 2572 cura
878 2521 1037 2570 attinebatur
1055 2519 1178 2568 damnata
1195 2517 1315 2567 veneficii
1334 2518 1460 2582 Locusta,
1476 2515 1541 2581 XV,

346 2618 378 2673 57
398 2608 500 2658 Volusii
519 2609 622 2658 Proculi
640 2608 739 2658 indicio
758 2607 901 2672 Epicharin
920 2606 1033 2656 attineri.

385 2695 486 2744 Ceteris
512 2695 577 2745 locis
604 2695 726 2744 omnibus
753 2694 887 2743 attinendi
912 2695 1020 2743 verbum
1047 2691 1081 2740 de
1109 2691 1201 2756 quavis
1229 2689 1420 2756 proficiscendi,
1447 2691 1542 2755 eundi,

345 2781 440 2846 agendi
465 2798 536 2831 mora
556 2783 672 2847 ponitur,
692 2781 813 2846 clareque
833 2781 875 2830 his
894 2781 1093 2844 demonstratur,
1112 2779 1157 2827 ubi
1177 2777 1249 2826 nulla
1266 2776 1401 2826 custodiae
1420 2776 1541 2826 vinculo·

345 2883 454 2933 rumque
471 2868 627 2932 significatio
645 2884 703 2918 cum
721 2883 752 2916 eo
772 2867 805 2916 sit
820 2867 960 2916 coniuncta
976 2865 1017 2916 vel
1033 2866 1060 2915 in
1077 2865 1133 2915 eins
1149 2865 1245 2914 vicinia
1260 2863 1356 2929 posita,
1371 2863 1404 2913 de
1419 2864 1542 2913 custodia

344 2954 508 3019 vinculisque
527 2970 581 3003 non
600 2969 678 3019 posse
696 2953 813 3018 cogitari.
834 2953 900 3003 Sunt
919 2959 1005 3002 autem
1023 2952 1065 3001 hi:

380 3041 413 3090 Α.
433 3041 455 3104 I,
473 3051 505 3105 35
532 3040 626 3090 ferrum
651 3039 804 3090 deferebant
828 3040 855 3088 in
881 3046 972 3104 peetus
997 3039 1025 3088 ni
1045 3033 1156 3103 proximi
1175 3036 1292 3087 dextram
1310 3037 1337 3085 vi
1355 3035 1542 3100 attinuissen13
1628 3039 1629 3046 ’

344 3127 381 3192 II,
401 3139 433 3176 10
451 3126 479 3175 ni
504 3126 642 3177 Stertinius
665 3142 736 3176 arma
760 3134 786 3176 et
808 3141 904 3190 equum
923 3133 1076 3189 poscentem
1095 3125 1204 3173 Flavum
1218 3123 1381 3188 attinuisset3
1402 3123 1437 3186 11,
1456 3132 1489 3186 52
1511 3132 1544 3172 ut

344 3212 494 3262 Tacfarinas
512 3213 594 3262 lectos
611 3213 679 3262 viros
695 3212 785 3262 castris
799 3212 935 3278 attineret,
952 3211 1001 3274 III,
1018 3222 1033 3273 3
1049 3218 1078 3260 nt
1094 3226 1141 3275 par
1154 3225 1254 3260 maeror
1270 3217 1296 3259 et
1312 3209 1401 3258 matris
1415 3209 1543 3273 exemplo

344 3299 403 3348 avia
428 3314 534 3364 quoque
556 3307 582 3349 et
600 3306 706 3364 patruus
724 3299 829 3348 attineri
848 3298 1012 3363 viderentur,
1033 3297 1082 3361 III,
1101 3308 1132 3358 71
1155 3295 1287 3361 pontilicis
1306 3295 1411 3344 maximi
1430 3295 1475 3360 qui
1495 3295 1543 3344 fla·

344 3385 442 3434 minem
465 3385 627 3452 attinuisset,
653 3385 699 3450 VI,
726 3396 756 3446 17
782 3385 911 3449 signatum
937 3391 1073 3448 argentum
1097 3382 1159 3432 fisco
1183 3382 1226 3431 vel
1248 3381 1346 3430 aerario
1363 3381 1542 3446 attinebatur3

345 3472 393 3535 VI,
418 3482 451 3532 27
476 3471 574 3520 oblitus
601 3470 760 3535 Arruntium,
784 3485 817 3519 ne
842 3471 870 3518 in
895 3469 1051 3534 Hispaniam
1073 3477 1202 3533 pergeret,
1220 3467 1348 3516 decimum
1367 3467 1419 3516 iarn
1438 3481 1542 3515 annum

344 3556 464 3624 attineri,
488 3557 550 3623 XII,
578 3569 608 3606 12
633 3557 754 3607 invenem
779 3571 903 3605 summam
922 3555 1051 3604 fortunam
1070 3555 1098 3604 in
1118 3555 1181 3603 luxu
1199 3561 1282 3603 ratum
1300 3552 1396 3602 multos
1415 3567 1461 3617 per
1479 3551 1544 3601 dies
1628 3557 1629 3580 ³

344 3645 450 3694 attinuit
474 3643 544 3709 apud
569 3643 697 3708 oppidum
716 3643 856 3708 Edessam,
876 3642 937 3706 XII,
956 3639 990 3690 68
1011 3641 1132 3706 Agrippa
1150 3640 1339 3690 Brittannicum
1358 3639 1485 3689 demorari
1507 3656 1544 3690 ne

345 3731 466 3781 cubiculo
493 3729 671 3797 egrederetur,
700 3729 843 3779 Antoniam
867 3743 973 3794 quoque
998 3734 1024 3777 et
1050 3727 1186 3777 Octaviam
1210 3742 1311 3777 sorores
1336 3727 1391 3776 eius
1416 3727 1545 3792 attinuit,

346 3818 411 3866 XIII
437 3829 470 3879 27
489 3833 556 3883 quos
575 3815 691 3866 vindicta
710 3823 834 3881 patronus
853 3831 907 3864 non
927 3814 1054 3880 liberarit,
1071 3814 1143 3863 velut
1162 3814 1249 3864 vinclo
1268 3813 1400 3863 servitutis
1418 3812 1545 3878 attineri,

345 3903 421 3967 XIII,
443 3902 479 3965 46
504 3903 526 3952 si
551 3904 618 3953 ultra
641 3918 720 3952 unam
745 3902 904 3965 alteramque
924 3909 1028 3950 noctem
1047 3901 1199 3949 attineretur
1216 3899 1353 3965 (Poppaea
1373 3915 1388 3948 a
1406 3899 1548 3966 Nerone);
1628 3889 1629 3932 l

346 3989 422 4053 XIII,
447 3999 480 4054 53
505 4005 539 4039 ne
562 3997 648 4040 tamen
673 4005 780 4054 segnem
804 3989 914 4038 militem
937 3987 1090 4053 attinerent3
1111 3986 1184 4052 XIV,
1203 3996 1234 4051 25
1255 3985 1359 4035 attineri
1378 4001 1394 4033 a
1413 3999 1440 4034 se
1458 3985 1547 4034 Volo·
1628 4043 1629 4050 ,

346 4089 441 4139 gaesen
467 4090 514 4138 pro
539 4075 649 4139 pignore
673 4075 801 4124 amicitiae
826 4081 1002 4140 ostentantes3
1025 4073 1097 4139 XIV,
1117 4072 1151 4137 56
1170 4073 1245 4138 quasi
1265 4071 1415 4121 valetudine
1434 4070 1546 4122 insensa

345 4169 389 4210 aut
413 4160 557 4225 sapientiae
579 4159 671 4208 studiis
690 4160 760 4210 domi
778 4161 944 4227 attineretur,
964 4160 1000 4208 H.
1019 4160 1056 4225 II,
1078 4173 1110 4221 14
1130 4160 1157 4208 ni
1177 4159 1301 4208 victorem
1320 4157 1461 4207 exercitum
1479 4160 1546 4208 atti·
1628 4151 1629 4176 ³

346 4247 445 4297 nuisset
464 4247 602 4295 obscurum
620 4247 713 4295 noctis.

383 4335 424 4382 En
449 4332 574 4382 exhausta
592 4333 710 4382 material
731 4334 815 4383 Ornisi
834 4341 934 4383 tanturn
953 4348 1050 4398 paucos
1068 4330 1129 4381 illos
1148 4332 1220 4382 locos
1239 4333 1285 4381 ubi
1303 4332 1373 4398 quod
1388 4331 1488 4380 attinet
1508 4334 1549 4381 ad

346 4419 448 4483 legitur.
