3228 5236
665 479 725 545 ¹97

143 642 245 704 Paulo
270 649 347 723 post
372 642 445 723 (Ill,
474 643 502 724 3)
527 643 585 724 qui
610 642 736 704 sactum
760 643 800 704 sit
828 651 863 705 ut
888 644 931 705 de
955 640 1115 722 singulari
1139 639 1288 721 quodam

104 760 141 822 ob
165 769 309 823 mortem
335 759 528 824 Germanici
551 760 725 828 Antoniae
749 761 866 823 matris
885 760 977 823 luctu
999 760 1080 822 nihil
1100 759 1290 822 traderetur

102 880 138 940 ab
160 881 355 942 auctoribus
379 881 471 944 varie
498 882 649 963 disputat
674 880 830 956 Tacitus;
856 889 1030 963 postremo
1054 881 1141 942 hanc
1162 879 1290 961 profert

102 998 341 1061 coniecturam:

144 1117 308 1196 „Facilius
329 1119 530 1182 crediderim
551 1118 690 1182 Tiberio
710 1127 744 1182 et
768 1119 944 1202 Augustae
967 1119 1162 1193 cohibitam,
1180 1128 1216 1181 ut
1230 1138 1291 1200 par

104 1259 226 1301 maeror
259 1248 293 1301 et
325 1241 442 1302 matris
472 1239 631 1322 exemplo
664 1229 740 1304 avia¹
772 1261 909 1323 quoque
933 1250 967 1302 et
992 1249 1131 1323 patruus
1154 1239 1289 1301 attineri

105 1358 325 1422 viderentur”.

144 1479 225 1561 Quis
245 1500 289 1542 ex
310 1479 362 1542 his
382 1500 450 1543 non
471 1481 571 1563 plane
591 1481 750 1562 intelligit
770 1482 944 1544 Tiberium
958 1501 1094 1563 quoque
1108 1489 1142 1542 et
1157 1481 1289 1542 Liviam

105 1598 162 1660 illis
180 1599 300 1662 diebus
319 1601 411 1664 domi
431 1599 614 1664 mansisse?
639 1600 723 1683 Quis
740 1621 776 1664 se
789 1602 906 1683 inepta
919 1600 1000 1665 illud
1014 1602 1129 1664 doceri
1142 1602 1291 1683 patiatur

104 1721 394 1783 annotatiuncula:
413 1721 471 1801 qui
481 1721 575 1784 deme
587 1742 648 1785 nen
661 1721 863 1796 excedebant,
878 1741 965 1803 quae
978 1741 1067 1784 nunc
1081 1721 1168 1784 inter
1180 1719 1290 1783 Taciti

105 1840 202 1903 verba
225 1838 368 1922 legitur?

142 1959 184 2020 A.
206 1958 267 2034 lV,
289 1977 343 2042 49.
365 1957 510 2022 Sabinus
529 1957 720 2022 Thraecum
742 1958 917 2022 castellum
939 1961 1112 2041 quoddam
1134 1958 1177 2021 ab
1198 1959 1290 2022 omni

103 2086 194 2158 parte
226 2077 391 2141 inclusum
423 2087 528 2153 tenet,
561 2079 608 2141 ita
639 2087 675 2141 ut
707 2081 800 2142 omni
834 2079 998 2142 malorum
1031 2099 1154 2162 genere
1180 2079 1290 2142 miseri

104 2195 250 2260 homines
274 2205 457 2260 vexentur:

147 2319 222 2396 „sed
245 2317 328 2379 nihil
347 2336 456 2398 aeque
476 2338 578 2399 quam
597 2319 670 2381 sitis
692 2318 866 2401 fatigabat,
888 2339 964 2381 cum
979 2319 1096 2401 ingens
1110 2319 1292 2383 multitudo

104 2437 311 2512 bellatorum,
337 2437 524 2500 imbellium
549 2458 616 2499 uno
639 2438 769 2520 reliquo
794 2437 888 2500 fonte
913 2445 1104 2513 uterentur;
1125 2438 1291 2520 simulque

104 2567 261 2633 armenta,
284 2566 320 2622 ut
341 2577 414 2620 mos
435 2558 596 2632 barbaris,
617 2559 712 2620 iuxta
732 2557 855 2632 clausa,
886 2565 1035 2638 egestate
1050 2555 1164 2638 pabuli
1179 2557 1292 2619 exani·

104 2679 200 2754 mari;
232 2679 388 2742 adiacere
421 2697 563 2760 corpora
595 2676 781 2750 hominum,
813 2696 899 2758 quos
931 2674 1080 2750 vulnera,
1112 2695 1197 2757 quos
1220 2675 1292 2738 sitis

103 2806 289 2877 peremerat
298 2825 306 2874 ;
332 2797 437 2881 pollui
462 2805 585 2860 cuncta
609 2797 702 2860 sanie
727 2797 832 2858 odore
858 2793 1051 2858 contactu.”

145 2915 222 2978 Non
246 2917 367 2988 debito
392 2919 472 2999 quin
498 2936 614 2979 verum
638 2915 762 2977 viderit
785 2915 946 2989 Ritterus,
966 2915 1023 2996 qui
1045 2915 1149 2979 verba
1169 2927 1205 2978 ut
1225 2936 1294 2978 mos

102 3034 256 3098 barbaris
278 3037 492 3118 proscripsit:
519 3055 653 3118 prorsus
677 3035 787 3097 aliena
811 3034 889 3097 hinc
914 3036 977 3097 ista
1000 3044 1088 3109 sunt,
1114 3034 1290 3097 nonenim

104 3156 320 3220 barbarorum
344 3176 455 3219 mores
479 3156 532 3218 hic
553 3155 799 3230 describuntur,
821 3156 880 3217 sed
902 3155 983 3236 quid
1003 3167 1087 3230 tunc,
1109 3156 1151 3216 ad
1173 3154 1292 3218 incitas

104 3277 236 3352 redacti,
263 3277 405 3340 iecerint
427 3296 505 3338 cum
527 3295 659 3338 summo
683 3295 745 3338 suo
766 3275 994 3349 incommodo,
1017 3283 1179 3336 narratur.
1205 3273 1292 3362 Con·

104 3396 224 3460 seratur
248 3404 431 3478 cognatum
456 3395 625 3456 emblema
649 3407 686 3459 ut
708 3416 777 3458 mos
799 3394 946 3458 oraculis
966 3395 1057 3475 quod
1079 3414 1097 3456 e
1117 3395 1229 3476 capite
1252 3409 1294 3474 54

103 3515 176 3578 libri
201 3517 231 3580 ll
258 3516 457 3578 exemimus.

146 3637 190 3698 A.
214 3635 256 3711 V,
288 3651 336 3699 10.
362 3633 499 3696 Falsum
523 3633 671 3696 Drusum
697 3654 903 3716 persequens
929 3634 1107 3715 Poppaeus
1129 3633 1290 3697 Sabinus:

150 3755 383 3835 ,Toronaeum
427 3753 722 3835 Thermaeumque
764 3754 874 3815 sinum
914 3752 1175 3836 praefestinans,
1212 3773 1293 3816 mox

104 3875 277 3939 Euboeam
309 3883 345 3937 et
378 3875 540 3949 Piraeum,
573 3875 651 3936 dein
684 3872 920 3936 Corinthiense
950 3872 1029 3934 litus
1053 3874 1292 3955 angustiasque

103 3995 221 4059 Isthmi
245 3993 394 4058 evadit.’'

145 4115 358 4189 Eundemne,
383 4115 440 4196 qui
465 4113 512 4176 sic
536 4113 607 4175 sine
633 4111 707 4192 ullo
721 4112 785 4174 loci
808 4111 933 4174 indicio
946 4111 1172 4173 Thermaeum
1186 4109 1293 4172 Toro-

101 4255 289 4316 naeumque
314 4233 434 4308 sinum,
460 4233 517 4313 qui
541 4240 656 4295 tamen
682 4230 822 4294 fortasse
843 4232 1027 4314 legentium
1050 4230 1151 4312 vulgo
1172 4249 1290 4310 parum

102 4356 172 4417 noti
206 4375 276 4416 esse
307 4360 501 4436 potuerunt,
533 4352 717 4433 reliquerit,
749 4353 791 4414 ad
825 4353 989 4415 Euboeam
1018 4351 1167 4432 „Aegaei
1193 4350 1292 4412 maris

102 4473 276 4548 insulam'',
308 4473 351 4535 ad
378 4471 538 4534 Piraeum
568 4471 724 4550 ,Atticae
748 4471 849 4533 orae’¹
874 4472 1089 4553 adscripsisse
1115 4467 1293 4552 putemus?
