3266 5238
668 429 729 492 149

109 590 238 653 modicis
262 590 466 672 penatibus”
491 590 601 654 luisse.
627 591 719 654 Nihil
745 612 826 673 ergo
847 599 898 653 est
920 611 977 654 cur
999 589 1127 652 Tiberii
1148 590 1193 652 ob
1214 609 1292 652 ean·

106 711 172 772 dem
197 730 270 774 rem
295 709 454 774 miremur
479 710 656 774 laetitiam.
681 709 747 793 Qui
771 712 798 774 si
824 712 866 775 de
891 731 931 773 ea
950 711 993 773 ad
1014 717 1168 772 senatum
1190 707 1291 791 paulo

105 827 241 904 liberiuS,
272 829 352 910 quin
384 829 487 892 etiam
517 828 618 912 paulo
646 831 855 906 insolentius
880 830 1012 893 locutus
1036 837 1097 904 est,
1123 829 1197 910 quis
1220 836 1291 891 tam

106 947 229 1030 iniquus
261 957 297 1012 ut
327 949 444 1012 statim
477 949 696 1013 iactationem
729 959 763 1014 et
795 971 863 1014 non
896 949 1071 1014 ferendam
1097 948 1291 1031 superbiam

107 1067 279 1131 odoretur?
300 1069 424 1131 Nonne
446 1068 602 1152 proloqui
622 1070 652 1132 ei
673 1068 814 1133 licebat:
840 1068 940 1150 ,nulli
960 1076 1039 1132 ante
1059 1068 1291 1131 Romanorum

108 1189 249 1252 eiusdem
280 1187 403 1271 fastigii
433 1190 505 1253 viro
529 1191 701 1271 geminam
726 1191 867 1273 stirpem
891 1187 1056 1253 editam'’?
1080 1188 1291 1262 Praesertim,

107 1309 130 1369 si
152 1329 266 1371 verum
286 1317 359 1371 erat
380 1308 480 1371 illud:
502 1309 536 1373 id
558 1317 672 1387 autem
694 1311 765 1392 ipse
787 1309 925 1373 Tacitus
942 1309 1054 1372 verbis
1067 1310 1171 1371 modo
1184 1306 1293 1370 allatis

107 1437 253 1492 testatur.
283 1428 373 1512 Quid
399 1450 481 1511 ergo
504 1429 673 1492 attinebat
697 1430 815 1493 odiosa
840 1430 904 1493 ista
927 1429 1145 1511 praemittere
1170 1426 1291 1490 verba:

110 1556 217 1627 ,tanto
249 1549 375 1630 gaudio
406 1549 596 1632 principem
628 1549 750 1624 affecit,
780 1556 816 1612 ut
840 1569 908 1611 non
932 1547 1185 1630 temperaverit,
1210 1546 1291 1627 quin

106 1667 274 1732 iactaret'’?
299 1668 395 1751 Quae
419 1678 453 1732 et
477 1669 551 1752 ipsa
575 1671 661 1732 inter
681 1689 716 1732 se
736 1677 885 1732 certant:
908 1669 1032 1730 namsi
1053 1666 1144 1730 illam
1164 1665 1292 1728 Tiberii

104 1790 285 1851 orationem
311 1787 478 1854 insolitum
498 1790 662 1872 gaudium
689 1789 898 1872 provocavit,
925 1786 1033 1850 nullus
1054 1787 1120 1849 iam
1140 1787 1292 1868 intempe-

104 1909 230 1972 rantiae
261 1917 296 1972 et
328 1909 516 1974 iactationis
547 1907 746 1990 relinquitur
770 1909 900 1970 crimini
924 1907 1028 1970 locus.
1054 1906 1121 1970 Cur
1145 1906 1292 1987 denique

105 2029 269 2091 mordacia
302 2029 365 2091 ista
396 2036 639 2093 annectuntur:
668 2049 765 2108 ,narn
791 2037 923 2103 cuncta,
948 2029 1052 2091 etiam
1076 2026 1224 2102 fortuita,
1247 2026 1290 2089 ad

104 2146 238 2228 gloriam
270 2146 463 2211 vertebat”?
488 2147 526 2210 In
552 2148 643 2211 bono
667 2149 820 2230 principe
844 2147 941 2210 facile
966 2148 1131 2211 eiusmodi
1157 2146 1292 2210 ferimus

106 2268 208 2344 dicta;
233 2267 360 2330 malum
384 2267 531 2350 aliquem
556 2266 656 2331 fuisse
682 2268 868 2350 principem
894 2288 937 2330 ex
961 2266 1024 2330 illis
1045 2267 1177 2330 efficere
1198 2267 1293 2331 nolu·

106 2408 184 2452 mus.
216 2387 284 2452 Sed
317 2387 404 2450 hanc
437 2387 650 2469 iniquitatem
682 2407 750 2450 non
779 2407 822 2448 ex
845 2387 957 2450 studio
982 2385 1039 2448 illo
1063 2385 1190 2449 Tiberii
1215 2405 1292 2448 cum

106 2508 298 2572 Domitiano
318 2506 515 2570 conserendi
535 2515 650 2570 natam
669 2525 752 2582 esse,
775 2527 891 2569 verum
911 2525 954 2568 ex
969 2505 1036 2568 alio
1049 2525 1124 2568 eam
1138 2524 1291 2568 manasse

104 2625 193 2690 sonte
216 2635 361 2690 testatur
385 2627 505 2708 capitis
529 2625 618 2688 finis:

149 2746 233 2826 ,Sed
256 2745 384 2830 populo
404 2746 462 2809 tali
484 2747 517 2808 in
538 2754 693 2827 tempore
715 2746 747 2807 id
768 2765 905 2826 quoque
926 2744 1078 2808 dolorem
1099 2744 1186 2818 tulit,
1207 2753 1292 2806 tam·

104 2886 201 2947 quam
221 2873 341 2929 auctus
360 2865 473 2928 liberis
494 2865 622 2928 Drusus
639 2865 779 2928 domum
796 2863 987 2927 Germanici
1006 2864 1112 2946 magis
1125 2861 1292 2946 urgeret.”

104 2984 150 3049 Cf.
175 2985 362 3050 Karstenus
387 3006 419 3068 p.
443 3001 485 3067 92
510 3005 585 3066 sqq.
610 2984 653 3047 de
677 2984 788 3058 Drusi,
812 2983 939 3046 Tiberii
958 2982 1027 3060 filii,
1048 2991 1082 3047 et
1100 2983 1292 3046 Germanici

102 3104 380 3188 Agrippinaeque
403 3103 608 3167 factionibus
633 3104 895 3186 prudentissime
920 3103 1106 3186 disputans.

145 3224 189 3286 A.
212 3224 255 3300 II,
280 3224 334 3286 88.
362 3223 531 3305 ,Reperio
551 3231 634 3306 aput
654 3222 836 3305 scriptores
851 3221 872 3306 1)
893 3225 1078 3288 eorundem
1099 3234 1291 3308 temporum

102 3341 344 3426 Adgandestrii
376 3343 537 3425 principis
568 3341 768 3405 Chattorum
799 3341 906 3406 lectas
938 3344 970 3406 in
1002 3352 1121 3408 senatu
1151 3344 1292 3421 litteras,

102 3463 221 3544 quibus
245 3470 391 3525 mortem
416 3462 562 3525 Arminii
587 3461 819 3544 promittebat,
840 3465 867 3525 si
889 3465 1075 3544 patrandae
1096 3465 1169 3526 neci
1190 3483 1290 3526 vene-

103 3603 181 3644 num
202 3585 402 3658 mitteretur,
423 3601 690 3664 responsumque
710 3601 781 3644 esse
802 3603 869 3645 non
887 3581 1003 3645 fraude
1017 3602 1127 3663 neque
1140 3582 1291 3657 occultis,

100 3704 158 3765 sed
181 3702 292 3785 palam
313 3710 347 3765 et
368 3711 535 3765 armatum
556 3701 720 3784 populum
741 3701 932 3766 Romanum
949 3701 1063 3763 hostes
1075 3721 1153 3765 suos
1166 3701 1290 3765 ulcisci.

137 3921 164 3990 ι)
183 3923 212 3972 ln
233 3921 324 3973 codice
343 3926 382 3972 est
402 3921 477 3986 opud
492 3920 633 3985 scriptores
650 3927 837 3985 senatoresque,
855 3927 934 3986 atque
953 3921 990 3971 sic
1008 3921 1102 3971 editur.
1122 3922 1195 3985 Quae
1213 3922 1293 3972 lectio

100 4024 157 4056 cnm
182 4024 197 4058 a
220 4008 294 4058 nullo
320 4007 468 4056 mortalium
488 4005 600 4070 intelligi
621 4011 718 4071 posset,
736 4005 839 4055 suerunt
858 4008 904 4072 qui
924 4023 955 4057 eo
973 4008 1141 4059 fundamento
1160 4018 1293 4059 uterentur

99 4095 131 4144 ad
154 4095 237 4144 celsas
260 4095 395 4144 doctrinae
421 4101 503 4142 turres
526 4092 676 4157 exigendas.
697 4093 763 4142 Mihi
782 4108 823 4142 res
840 4095 980 4144 admodum
999 4096 1110 4161 simplex
1129 4097 1245 4146 videtur:
1264 4098 1292 4148 in

101 4182 181 4230 nostri
201 4182 298 4232 codicis
317 4196 366 4230 avo
386 4195 517 4244 proavove
537 4195 585 4244 pro
603 4179 743 4243 scriptores
759 4179 830 4229 sacili
846 4197 931 4231 errore
947 4183 1071 4249 scriptum
1088 4184 1137 4234 fuit
1152 4192 1293 4242 senatores,⁴

100 4267 125 4316 in
144 4268 260 4331 margine
278 4275 409 4317 corrector
427 4281 514 4315 veram
529 4266 669 4315 lectionem
685 4267 824 4330 scriptores
838 4269 968 4332 appinxit.
985 4270 1065 4320 Cuius
1081 4271 1219 4320 consilium
1234 4288 1292 4321 cum

101 4369 153 4403 non
173 4355 334 4420 perspiceret
353 4353 385 4419 is,
404 4353 450 4418 qui
469 4352 516 4401 illo
535 4351 677 4417 exemplari
696 4352 728 4401 ad
748 4369 844 4402 novum
863 4355 1011 4406 iaciendum
1030 4357 1146 4407 codicem
1164 4359 1294 4425 utebatur,

99 4455 129 4489 ex
149 4455 235 4490 errore
253 4447 279 4491 et
298 4439 460 4490 correctione
480 4454 552 4488 suam
571 4437 622 4488 sibi
640 4436 781 4489 lectionem
798 4442 929 4492 conflavit.
