3248 5230
878 343 942 424 248

313 528 480 610 elegendo
516 547 578 590 noa
613 531 824 607 spectaretur
858 522 950 600 illud,
987 531 1120 586 essetne
1152 522 1273 604 aliquis
1303 543 1322 584 e
1353 485 1511 586 Caesaris
1603 613 1610 626 ἢ

313 646 459 731 posteris
482 666 525 709 an
551 665 618 708 non
644 652 742 706 esset.
767 643 926 725 Ineptum
950 663 1031 726 ergo
1052 641 1097 705 illi
1118 641 1220 724 vulgo
1239 642 1387 704 tribuere
1408 661 1510 723 argu·

314 773 477 840 mentum,
499 764 591 846 quod
614 762 648 825 in
669 763 734 825 isto
758 762 868 844 „quod
890 774 966 826 tuuc
983 759 1215 845 spectaretur”
1228 761 1324 824 inest.
1350 759 1419 824 Sed
1432 761 1511 843 lpse

313 885 462 960 Tacitus,
494 884 546 946 cui
579 883 614 946 et
642 902 739 945 suum
772 889 907 964 tempus
935 881 971 944 et
993 881 1212 964 praeteritum
1237 881 1374 962 cognita
1397 889 1511 954 erant,

313 1003 395 1067 illud
427 1022 563 1066 suorum
595 1000 786 1083 aequalium
817 1020 918 1064 causa
941 1000 1075 1064 adiecit.
1107 999 1306 1081 Legendum
1330 1019 1413 1081 ergo
1437 1019 1511 1062 non

313 1133 528 1205 spectaretur,
553 1141 670 1183 verum
693 1119 911 1203 spectabatur.

359 1361 402 1423 A.
433 1359 528 1435 XIII,
560 1374 607 1440 15.
646 1358 797 1421 Territus
830 1359 946 1422 matris
976 1359 1088 1421 verbis
1119 1358 1349 1421 Britannicum
1387 1377 1423 1420 se
1462 1357 1511 1420 ad

314 1479 492 1562 imperium
525 1486 721 1541 vocaturam
753 1477 950 1552 minitantis,
984 1477 1076 1540 Nero
1108 1485 1142 1539 et
1171 1476 1237 1540 alia
1259 1477 1373 1540 animo
1396 1477 1512 1542 volvit

313 1607 348 1662 et
372 1607 545 1661 recentem
569 1597 741 1679 quandam
762 1616 843 1670 rem,
865 1617 884 1658 e
903 1615 972 1678 qua
991 1595 1163 1678 ingenium
1184 1595 1255 1658 eius
1274 1605 1511 1678 perspexerat.

314 1716 411 1799 Quae
434 1717 622 1781 cuiusmodi
647 1716 746 1780 fuerit
768 1717 817 1779 sic
841 1736 975 1779 narrare
999 1715 1138 1779 Tacitus
1161 1715 1297 1798 incipit:

362 1837 493 1916 ,Festis
512 1836 658 1901 Saturno
678 1835 798 1899 diebus
819 1835 906 1897 inter
925 1834 991 1899 alia
1010 1834 1201 1917 aequalium
1222 1834 1351 1898 ludicra
1363 1855 1513 1916 regnum

313 1955 386 2019 lusu
411 1956 624 2018 sortientium
647 1964 808 2019 evenerat
832 1975 872 2019 ea
895 1975 967 2018 sors
992 1953 1154 2018 Neroni.''

360 2073 561 2139 Scabrosam
586 2075 673 2139 hanc
698 2075 887 2139 orationem
910 2073 1082 2158 appellare
1107 2094 1175 2137 non
1196 2074 1335 2150 dubito;
1355 2074 1416 2136 sed
1437 2093 1512 2136 non

315 2192 424 2255 Taciti
445 2193 545 2276 culpa
564 2192 666 2256 talem
687 2214 762 2257 eam
783 2195 930 2257 evasisse
948 2194 1062 2268 credo,
1082 2193 1196 2256 nescio
1215 2214 1283 2274 qua
1300 2192 1512 2256 attractione

315 2311 531 2394 participium
569 2312 651 2375 illud
683 2314 726 2375 ad
758 2313 967 2395 praecedens
996 2312 1184 2396 aequalium
1216 2311 1408 2386 referentis,
1446 2313 1513 2376 sed

315 2430 450 2506 librarii,
483 2452 585 2514 quem
616 2433 785 2513 genitivus
817 2432 872 2494 ille
903 2433 937 2495 in
961 2451 1109 2494 errorem
1133 2432 1315 2495 iuduxerit.
1340 2429 1514 2494 Ablativo

314 2550 487 2633 temporis,
512 2551 569 2633 qui
598 2550 811 2632 „absolutus”
836 2551 968 2626 dicitur,
993 2570 1078 2634 opus
1102 2551 1157 2614 hic
1177 2558 1238 2624 est,
1260 2569 1328 2612 non
1349 2569 1437 2632 opus
1459 2559 1515 2613 est

314 2678 428 2732 autem
453 2670 572 2734 addito
596 2670 710 2753 aliquo
734 2671 871 2734 nomine
893 2671 1118 2746 substantivo,
1141 2671 1202 2733 sed
1225 2670 1349 2732 sufficit
1372 2670 1515 2752 partici-

315 2788 419 2870 pium.
451 2788 652 2870 Legendum
681 2809 761 2871 ergo
784 2789 1004 2864 sortientibus,
1029 2791 1120 2871 quod
1145 2808 1248 2871 quam
1271 2787 1369 2852 facile
1393 2788 1450 2852 hic
1479 2789 1515 2852 in

313 2907 520 2971 sortientium
545 2909 713 2991 corrumpi
739 2909 889 2991 potuerit
910 2917 1033 2991 sponte
1058 2916 1211 2991 apparet.

359 3143 403 3206 A.
425 3143 521 3219 XIII,
547 3159 595 3226 17.
617 3143 702 3209 Cum
723 3147 757 3209 in
778 3166 900 3230 campo
915 3146 1038 3210 Martio
1052 3147 1265 3211 Britannicus
1276 3144 1514 3229 sepeliebatur

314 3271 384 3326 tam
409 3263 629 3326 vehementes
653 3266 849 3329 ceciderunt
872 3266 1013 3330 imbres:

362 3381 432 3461 ,Ut
462 3380 580 3464 vulgus
611 3383 693 3446 iram
718 3385 860 3448 deorum
884 3385 1042 3467 portendi
1066 3385 1249 3450 crediderit
1271 3387 1432 3450 adversus
1460 3388 1513 3453 fa-

314 3501 408 3564 cinus
431 3501 485 3564 cui
510 3499 662 3584 plerique
686 3503 790 3566 etiam
813 3503 989 3566 hominum
1013 3503 1269 3587 ignoscebant.”

358 3618 469 3701 Quam
501 3619 647 3683 absurde
677 3621 767 3684 istud
796 3623 895 3686 etiam
919 3623 1068 3705 positum
1091 3624 1146 3687 hic
1168 3624 1211 3686 sit
1235 3623 1289 3688 vel
1313 3624 1465 3688 maxime
1494 3647 1513 3692 e

315 3739 513 3822 Nipperdei,
545 3739 602 3820 qui
628 3738 791 3815 defendit,
815 3749 957 3823 apparet
980 3743 1212 3806 annotatIone.
1244 3743 1316 3806 Iam
1340 3745 1434 3827 quod
1461 3748 1515 3811 ait

308 3857 460 3940 plerique
489 3856 544 3920 hic
576 3877 644 3920 non
677 3877 749 3920 esse
780 3858 801 3920 i.
822 3878 855 3940 q.
885 3857 909 3920 al
934 3865 1077 3922 πλεῖστοι
1102 3862 1163 3924 sed
1185 3861 1362 3926 admodum
1386 3865 1514 3930 multas

314 3996 353 4038 ea
377 3995 462 4038 voce
485 3975 677 4057 significari,
697 3997 814 4039 verum
835 3986 894 4041 est.
920 3976 988 4042 Sed
1009 3999 1095 4060 quae
1116 3981 1212 4044 addit
1233 4001 1336 4062 quam
1357 3982 1512 4048 maxime

313 4102 470 4156 contorta
493 4093 660 4155 videntur.
689 4094 958 4176 ,Ignoscebant”
978 4098 1025 4159 ait
1049 4097 1122 4178 ,isti
1142 4097 1259 4161 sceleri
1281 4099 1376 4162 multi
1397 4099 1512 4166 homi-

313 4233 383 4288 nes,
416 4232 493 4275 cum
518 4221 632 4274 tamen
657 4213 811 4276 homines
834 4216 877 4277 de
900 4216 973 4278 aliis
996 4216 1191 4280 hominibus
1213 4237 1331 4280 severe
1354 4218 1510 4285 iudicare

312 4329 439 4404 solent;
472 4349 540 4411 quo
573 4330 678 4412 magis
703 4341 969 4398 consentaneum
994 4345 1053 4411 est,
1079 4336 1171 4412 deos,
1197 4335 1320 4418 quibus
1344 4336 1428 4401 nihil
1452 4349 1507 4404 est
