3266 5238
899 439 941 517 84

369 617 461 697 „Nec
494 617 616 680 referre
647 617 820 682 Othonem
851 639 894 681 an
927 616 1104 681 Vitellium
1135 616 1351 698 superstitem
1376 615 1514 678 fortuna

321 735 458 799 faceret.
495 736 610 800 Rebus
643 737 800 799 secundis
835 738 937 800 etiam
974 736 1128 817 egregios
1159 735 1263 797 duces
1293 734 1512 797 insolescere:

321 856 525 918 discordiam
548 855 610 932 his,
634 856 814 937 ignaviam,
840 854 1006 918 luxuriem
1014 881 1021 931 ;
1044 863 1079 916 et
1098 855 1239 917 suismet
1258 844 1348 922 uitiis
1367 851 1512 916 alterum

225 967 232 987 ’
320 974 412 1037 bello
435 975 579 1037 alterum
604 974 746 1037 victoria
769 971 988 1056 periturum”.

366 1092 533 1158 Sollicitat
565 1093 647 1156 haec
681 1092 873 1174 Madvigius
904 1100 957 1154 et:
993 1092 1182 1172 „discordia
1209 1091 1353 1154 militum
1378 1092 1512 1174 ignavia

319 1213 450 1277 luxurie
482 1221 517 1275 et
540 1213 680 1280 suismet
703 1212 793 1274 vitiis
818 1231 846 1273 e.
871 1230 904 1292 q.
928 1209 977 1273 s.'’
1002 1211 1173 1293 proponit.
1199 1208 1266 1275 Sed
1291 1210 1510 1274 leviusculum

275 1349 278 1354 ’
321 1334 455 1396 videtur
484 1339 731 1414 argumentum,
763 1324 831 1413 quo
864 1350 983 1393 vocem
1015 1331 1068 1394 his
1090 1339 1278 1413 oppugnat,
1302 1351 1404 1413 quam
1429 1332 1510 1395 dum

320 1461 438 1526 mutat,
471 1452 560 1515 tollit
591 1450 797 1515 luculentam
830 1450 917 1512 hanc
948 1450 1218 1532 oppositionem:
1242 1452 1393 1534 egregiis
1415 1453 1511 1515 duces

319 1572 438 1647 ethis,
463 1571 694 1652 militibusque
718 1591 758 1633 ea
782 1570 923 1651 praebet
947 1569 1038 1642 vitia,
1063 1589 1150 1650 quae
1175 1576 1349 1651 tamquam
1374 1571 1511 1653 propria

318 1689 464 1755 Othonis
496 1690 694 1771 Vitelliique
725 1688 916 1770 legentibus
948 1689 1076 1751 dudum
1108 1697 1191 1751 nota
1221 1697 1309 1752 sunt.
1343 1689 1511 1771 Denique,

318 1812 409 1891 quod
441 1810 686 1894 gravissimum,
712 1828 827 1871 veram
853 1808 945 1870 vocis
967 1809 1136 1872 discordia
1161 1809 1229 1870 vim
1254 1828 1322 1871 non
1346 1811 1511 1891 agnoscit.

317 1930 591 2012 Perstringuntur
614 1926 707 1991 Otho
733 1926 958 2008 Vitelliusque
982 1935 1158 2008 tamquam
1175 1927 1283 2010 pravi
1301 1929 1431 2003 milites,
1452 1931 1511 2011 qui

317 2059 436 2112 contra
455 2047 644 2130 legitimum
665 2047 788 2110 ducem
805 2065 899 2108 arma
916 2046 1131 2128 sumpserint.
1151 2043 1206 2109 Sic
1225 2047 1315 2110 enim
1334 2047 1513 2111 Mucianus

317 2177 352 2231 et
379 2168 618 2249 Vespasianus,
643 2167 705 2229 viri
730 2165 901 2240 militares
925 2165 1183 2228 ratiocinantur:
1212 2168 1288 2248 „qui
1312 2187 1430 2250 parere
1453 2189 1513 2232 ne-

316 2289 426 2351 sciunt
461 2307 528 2351 non
564 2287 621 2348 diu
657 2283 906 2368 imperabunt’'.
939 2284 1152 2366 Egregieque
1184 2284 1274 2348 illam
1305 2289 1512 2352 sententiam

317 2407 495 2470 confirmat
514 2407 618 2489 ipsius
638 2406 748 2469 Taciti
770 2405 812 2467 de
831 2404 997 2468 Caecinae
1015 2404 1177 2468 militibus
1189 2407 1367 2470 iudicium:
1385 2429 1512 2490 „quan-

316 2535 457 2609 tumque
488 2525 593 2589 hebes
617 2526 661 2588 ad
689 2525 923 2587 sustinendum
947 2523 1099 2586 laborem
1123 2525 1229 2600 miles,
1253 2532 1352 2588 tanto
1375 2528 1423 2590 ad
1441 2528 1511 2592 dis-

316 2651 448 2714 cordias
471 2645 693 2731 promptior”.

361 2769 517 2850 Denique
541 2767 595 2829 hic
619 2785 743 2830 moneo
767 2766 901 2848 egregie
926 2785 946 2828 a
969 2765 1162 2841 Furneaux,
1187 2774 1232 2841 et,
1252 2767 1314 2829 nisi
1335 2766 1441 2842 fallor,
1461 2769 1510 2832 ab

314 2887 372 2951 illo
405 2888 525 2970 primo,
557 2886 678 2948 horum
708 2855 899 2958 verborum,
924 2903 1012 2966 quae
1035 2885 1204 2966 peculiare
1227 2882 1355 2967 aliquid
1380 2886 1511 2950 habent

315 3015 349 3070 et
373 3006 535 3070 orationis
558 3004 719 3068 Taciteae
740 3002 890 3066 indolem
913 3004 1039 3066 diserte
1064 3004 1222 3085 produnt,
1247 3005 1316 3067 vim
1340 3025 1413 3068 esse
1436 3005 1511 3070 illu·

313 3135 471 3188 stratam:
505 3123 549 3186 A.
583 3123 643 3199 III,
677 3140 719 3206 29
744 3144 784 3187 ac
807 3135 934 3200 tamem
960 3122 1003 3185 A.
1029 3123 1089 3198 ΙΙΙ,
1114 3123 1158 3206 69
1180 3125 1356 3188 ambitione
1377 3125 1509 3206 alienas

314 3243 358 3307 A.
391 3243 453 3318 IV,
490 3261 524 3306 11
557 3243 695 3324 alioqui3
720 3241 765 3304 A.
790 3241 850 3316 IV,
879 3258 914 3322 31
942 3263 1015 3305 cum
1038 3255 1231 3322 arceretur5
1255 3243 1299 3306 A.
1325 3244 1386 3321 VI,
1410 3263 1428 3325 3
1453 3266 1507 3328 sq.

306 3375 462 3446 prorsus.
