3228 5236
923 425 982 486 162

356 599 445 683 Quid
475 602 523 664 ais
555 602 606 665 vir
638 601 946 684 praestantissime?
973 601 1129 666 Nullane'
1141 601 1230 664 ratio
1255 601 1435 665 intercedit
1458 603 1543 665 inter

355 720 521 784 vocabula
551 741 638 802 quae
669 730 747 784 sunt
769 721 888 805 falsae
919 730 954 784 et
983 721 1177 806 compositae
1198 718 1294 784 sunt?
1319 721 1429 785 Immo
1452 743 1540 796 vero,

355 841 418 903 nisi
449 841 513 916 hic,
546 861 750 923 quocunque
777 843 917 904 tandem
941 842 1056 915 modo,
1081 841 1273 922 compositae
1296 842 1440 903 eandem
1464 861 1543 904 nan-

354 962 489 1024 ciscitur
520 961 599 1035 vim,
631 981 734 1044 quam
757 961 874 1041 falsae
904 960 1008 1024 habet
1039 959 1108 1042 (Gr.
1140 957 1423 1043 κατεψευσμέναι),
1455 960 1544 1023 nulla

354 1090 426 1143 arte
458 1101 558 1144 sanus
589 1101 632 1143 ex
662 1080 726 1144 hoc
757 1080 833 1144 loco
864 1101 981 1144 sensus
1012 1080 1205 1161 extorqueri
1238 1081 1374 1162 poterit.
1400 1081 1542 1162 Egregie

353 1200 441 1264 hanc
476 1202 673 1283 opinionem
707 1200 886 1264 confirmat
922 1201 1095 1283 Iosephus,
1131 1201 1189 1282 qui
1225 1200 1315 1281 (XX,
1353 1214 1414 1280 154
1444 1199 1543 1280 Nab.)

353 1341 488 1404 prorsus
519 1322 663 1384 eandem
695 1321 898 1384 sententiam
930 1341 990 1383 sua
1021 1319 1205 1403 amplificat
1233 1319 1409 1382 ubertate:
1434 1318 1540 1381 πολλοὶ

352 1439 415 1517 γὰρ
440 1441 494 1511 τὴν
518 1439 586 1518 περὶ
611 1438 737 1516 Νέρωνα
758 1437 994 1518 συντετάχασιν
1013 1437 1162 1517 ἱστορίαν,
1185 1433 1223 1501 ὧν
1243 1435 1270 1502 οἳ
1289 1439 1347 1514 μὲν
1367 1440 1418 1502 διὰ
1439 1437 1540 1518 χάριν,

353 1553 386 1624 εὖ
411 1557 595 1630 πεπονθότες
619 1559 672 1622 ὑπ’
696 1561 803 1638 αὑτοῦ,
827 1565 883 1631 τῆς
906 1558 1055 1632 ἀληθείας
1080 1557 1259 1634 ἠμέλησαν,
1282 1555 1310 1623 εἳ
1330 1557 1361 1621 δὲ
1381 1557 1433 1622 διὰ
1450 1565 1540 1634 μῖσος

353 1677 406 1743 καὶ
438 1681 493 1754 τὴν
525 1679 598 1756 πρὸς
623 1679 717 1743 αὐτὸν
740 1677 917 1758 ἀπέχθειαν
940 1676 1034 1748 οὕτως
1059 1677 1191 1748 ιἰναιδῶς
1216 1675 1452 1758 ἐνεπαρῴνησαν
1476 1687 1538 1747 ταῖς

352 1797 533 1877 ψεύσμασιν
565 1799 602 1869 ὡς
626 1797 731 1874 ἀξίους
756 1798 868 1869 αὐτοὺς
894 1793 971 1861 εἶναι
997 1796 1237 1874 καταγνώσεως.
1264 1799 1372 1862 Vides
1395 1800 1539 1863 eundem

351 1919 385 1983 in
418 1920 553 2002 iosephi
585 1919 697 1982 verbis
727 1928 843 1982 tenere
868 1918 979 1982 locum
1005 1920 1243 1982 vehementem
1268 1917 1358 1981 illam
1382 1920 1543 1985 mendacii

351 2039 633 2121 significationem
652 2037 784 2108 ὦναιδῶς
805 2036 1037 2118 ἐνεπαρῴνησαν
1052 2045 1115 2108 τοῖς
1129 2037 1323 2115 ψεύσμασιν,
1335 2059 1439 2121 quem
1452 2040 1540 2121 apud

351 2158 507 2221 Taciturn
539 2167 684 2241 occupet
715 2158 790 2222 lene
822 2160 912 2222 istud
937 2167 970 2220 et
994 2159 1087 2221 omni
1112 2159 1373 2241 reprehensione
1398 2177 1540 2221 vacuum

351 2279 544 2362 compositae
563 2291 654 2342 sunt:
677 2280 782 2360 atqui,
803 2279 829 2340 si
850 2279 883 2341 in
904 2279 1098 2360 compositae
1111 2275 1202 2340 nulla
1214 2279 1301 2340 inest
1313 2276 1542 2360 reprehensio,

351 2396 461 2460 Taciti
492 2399 661 2461 sententia
692 2417 829 2480 prorsus
856 2397 949 2459 omni
974 2397 1006 2458 vi
1030 2407 1133 2478 atque
1156 2416 1255 2459 sensu
1279 2405 1381 2460 caret.
1408 2395 1542 2459 Dixeris

350 2516 431 2579 inde
451 2517 666 2610 participium
686 2516 880 2599 compositae
895 2514 1165 2599 reprehensionis
1176 2516 1257 2578 satis
1270 2515 1435 2590 obtinere,
1449 2515 1542 2598 quod

349 2635 518 2698 ablativus
541 2635 720 2700 recentibus
741 2637 826 2699 odiis
848 2637 1007 2699 accedat:
1038 2656 1133 2717 „cum
1157 2636 1238 2699 odio
1262 2636 1352 2698 enim
1376 2655 1432 2698 res
1452 2656 1543 2698 corn·

349 2753 497 2836 ponere'’
529 2775 601 2818 esse
636 2756 689 2836 „in
721 2757 960 2838 componendo
992 2757 1172 2820 veritatem
1203 2755 1297 2820 nihili
1322 2755 1470 2819 facere.'’
1494 2757 1543 2820 At

348 2874 396 2936 sic
426 2875 606 2956 reqentr'bus
636 2873 719 2939 odiis
742 2875 909 2938 ablativus
934 2876 972 2938 fit
996 2877 1092 2950 modi,
1118 2876 1175 2958 qui
1199 2876 1340 2939 dicitur:
1365 2876 1399 2938 id
1425 2886 1542 2940 autem

349 2991 493 3055 voluisse
517 2991 674 3056 Tacitum
699 2994 917 3077 pertinaciter
941 3015 1039 3076 nego.
1065 2995 1099 3060 Si
1125 3015 1201 3058 cum
1221 2995 1394 3078 scriptore,
1417 3017 1542 3080 aequa·

347 3111 486 3173 bilitatis
510 3114 673 3189 studioso,
699 3115 797 3176 nobis
822 3134 873 3177 res
897 3123 995 3189 esset,
1021 3115 1103 3179 haec
1129 3115 1347 3179 haberemus:
1377 3117 1542 3195 „viventi-

347 3229 408 3291 bus
432 3231 512 3313 ipsis
536 3231 581 3294 ob
607 3241 734 3295 metum
760 3233 872 3309 falsae,
894 3241 1075 3317 postquam
1096 3235 1301 3308 occiderant,
1323 3233 1367 3297 ob
1388 3237 1541 3299 recentia

344 3349 423 3412 odia
458 3351 666 3431 compositae
702 3351 802 3414 sunt'’
833 3361 907 3416 aut:
943 3353 1155 3434 „viventibus
1187 3355 1268 3436 ipsis
1298 3361 1390 3417 metu
1423 3353 1538 3428 salsae,

343 3476 525 3552 postquam
567 3472 773 3546 occiderant,
816 3473 1008 3536 recentibus
1053 3473 1139 3536 odiis
1178 3475 1388 3556 compositae
1424 3473 1538 3538 sunt.”

341 3587 429 3651 Turn
458 3609 539 3652 vero
564 3609 665 3652 nemo
689 3598 759 3653 tam
784 3592 929 3655 traditae
955 3601 1043 3654 esset
1066 3600 1171 3655 tenax
1192 3590 1358 3668 lectionis
1382 3595 1443 3674 qui
1470 3615 1536 3657 non

339 3710 373 3771 in
394 3710 586 3793 compositae
606 3709 710 3772 latere
733 3711 851 3773 vitium
871 3718 1081 3792 agnosceret.
1122 3709 1260 3773 Tacitus
1279 3719 1394 3774 autem
1410 3731 1536 3795 aequa·

339 3827 507 3892 bilitatem
533 3831 635 3904 vitat;
659 3829 776 3892 scribit
801 3849 899 3912 ergo:
924 3830 961 3892 ob
982 3841 1102 3893 metum
1115 3830 1263 3904 -odiis,
1283 3829 1343 3892 sed
1363 3831 1536 3893 sententia

340 3967 474 4029 prorsus
505 3949 625 4010 eadem
659 3957 710 4012 est
740 3969 780 4012 ac
812 3949 838 4011 si
871 3961 956 4012 metu
975 3985 1018 3994 -
1036 3949 1120 4012 odiis
1151 3946 1204 4010 vel
1234 3947 1272 4010 ob
1299 3961 1420 4012 metum
1438 3949 1534 4012 —ob

338 4067 413 4130 odia
444 4065 642 4147 scripsisset.
676 4068 766 4150 Ergo
800 4089 888 4132 nunc
917 4069 1008 4151 apud
1033 4067 1189 4130 Tacitum
1213 4067 1319 4131 latere
1343 4069 1477 4146 vitium,
1500 4077 1532 4130 et

338 4205 399 4268 pro
440 4185 633 4266 compositae
661 4189 785 4268 requiri
816 4201 994 4272 corruptae
1024 4187 1077 4250 vel
1110 4188 1274 4250 eiusmodi
1305 4187 1434 4270 aliquid
1469 4190 1530 4252 erit

337 4303 583 4367 confitendum.
