3266 5238
678 445 718 514 59

104 613 257 675 Romana
279 613 530 694 oppugnantes)
555 612 702 693 augebat
726 611 916 692 amplitudo
937 609 1025 684 valli,
1047 609 1139 690 quod
1162 608 1293 670 duabus

101 730 289 813 legionibus
320 733 420 795 situm
452 732 512 794 vix
542 733 693 814 quinque
722 731 813 794 milia
836 739 1043 794 armatorum
1067 730 1292 794 Romanorum

103 852 293 915 tuebantur.

145 973 304 1056 Ineptum
328 973 498 1036 emblema
521 974 747 1038 Romanorum
773 993 840 1036 non
865 972 974 1035 estin
999 970 1232 1034 deterioribus.

143 1089 239 1154 Addi
264 1099 406 1173 possunt
429 1091 481 1154 his
504 1093 670 1155 innumeri
690 1091 766 1167 loci,
787 1093 821 1154 in
842 1092 964 1173 quibus
985 1088 1207 1153 emendandis
1224 1089 1292 1152 iam

101 1230 176 1273 cum
211 1211 477 1290 „deterioribus”
506 1210 569 1273 illis
594 1211 722 1275 dudum
746 1212 895 1274 editores
918 1210 1145 1284 consentiunt,
1169 1217 1204 1271 et
1228 1207 1293 1270 sor·

100 1338 189 1392 tasse
220 1349 344 1412 operae
376 1331 523 1413 pretium
555 1330 654 1394 suerit
678 1330 872 1414 diligentius
896 1331 999 1393 etiam
1024 1348 1128 1392 unum
1151 1336 1186 1389 et
1209 1327 1291 1390 alte·

99 1470 171 1512 rum
195 1449 327 1512 illorum
351 1460 511 1514 excutere
535 1452 703 1525 codicum,
727 1452 753 1513 si
778 1451 864 1514 sorte
888 1451 953 1513 alia
978 1450 1024 1512 ibi
1044 1449 1183 1524 lateant,
1204 1467 1291 1529 quae

98 1590 118 1632 a
152 1569 398 1633 recentioribus
433 1571 558 1634 criticis
593 1573 745 1634 nondum
780 1573 847 1634 sint
881 1572 1030 1646 inventa,
1067 1590 1144 1633 curn
1175 1576 1290 1631 tamen

100 1689 224 1771 Lipsiis
247 1697 281 1751 et
307 1689 488 1771 Madvigiis
513 1690 652 1772 indigna
673 1711 740 1752 non
762 1690 895 1753 fuerint.
916 1687 972 1753 Sic
992 1691 1130 1752 demum
1150 1707 1291 1770 appare·

99 1807 161 1881 bit,
193 1807 285 1889 quod
318 1817 352 1870 et
379 1809 452 1890 ipse
477 1829 538 1890 pro
563 1809 648 1873 virili
673 1819 769 1891 parte
795 1810 1028 1872 demonstrare
1052 1817 1194 1871 conatus
1217 1829 1291 1871 sum

99 1928 276 2010 prudentis
296 1949 369 1992 esse
389 1929 514 1992 critici:
538 1929 637 2010 „inde
658 1930 796 2004 bonum,
818 1929 983 2012 reperitur
1001 1929 1070 2003 ubi,
1083 1928 1147 1991 sibi
1159 1948 1291 1991 sumere

99 2047 267 2130 semper’'.

144 2167 244 2230 Nunc
276 2176 392 2230 autem
415 2169 516 2232 -id
548 2170 640 2250 quod
669 2169 805 2250 cognati
830 2177 881 2232 est
905 2169 1094 2251 argumenti
1119 2205 1162 2215 -
1187 2189 1290 2231 unum

98 2297 132 2351 et
165 2288 308 2351 alterum
341 2290 452 2352 locum
483 2289 632 2366 afferam,
666 2290 723 2352 ubi
754 2290 880 2353 tradita
910 2289 1011 2352 lectio
1035 2291 1079 2352 sit
1103 2289 1290 2364 retinenda,

98 2427 177 2470 cum
201 2407 245 2470 ad
265 2427 325 2470 eos
345 2408 602 2474 emendationes
620 2409 687 2471 sint
708 2409 914 2492 propositae,
935 2429 1023 2490 quae
1043 2417 1101 2471 aut
1121 2407 1166 2470 ab
1186 2395 1294 2470 edito·

97 2527 191 2590 ribus
221 2536 379 2610 receptae
411 2529 478 2591 iam
509 2529 586 2603 sint,
615 2537 672 2592 aut
697 2549 866 2611 magnam,
892 2529 1001 2611 primo
1025 2537 1117 2591 certe
1142 2536 1290 2609 aspectu,

95 2646 247 2709 habeant
279 2647 350 2709 veri
379 2647 539 2729 speciem.
572 2647 674 2710 Haud
706 2648 796 2710 enim
828 2647 946 2711 inutile
978 2649 1112 2710 videtur
1135 2668 1196 2710 cur
1219 2647 1292 2709 reii-

94 2767 240 2830 ciendae
265 2766 341 2829 illae
364 2767 432 2829 sint
455 2768 571 2848 paucis
594 2767 839 2830 demonstrare.

140 2885 187 2948 A.
212 2885 273 2962 XI,
295 2901 324 2948 2.
347 2886 424 2968 Ipsa
445 2886 650 2968 (Messalina)
671 2887 715 2950 ad
736 2886 921 2969 perniciem
942 2887 1122 2969 Poppaeae
1143 2885 1290 2961 festinat,

92 3005 252 3080 subditis,
276 3007 334 3088 qui
357 2989 485 3068 terrore
511 3008 654 3069 carceris
676 3006 719 3069 ad
745 3006 969 3070 voluntariam
991 3015 1135 3070 mortem
1157 3006 1290 3088 propel-

93 3125 216 3201 lerent,
247 3125 335 3188 adeo
365 3127 482 3209 ignaro
506 3125 659 3202 Caesare,
684 3135 722 3190 ut
746 3147 872 3209 paucos
896 3136 975 3209 post
999 3123 1078 3189 dies
1094 3126 1289 3209 epulantem

92 3244 188 3326 apud
223 3265 258 3306 se
295 3245 451 3308 maritum
487 3245 558 3308 eius
593 3245 788 3328 Scipionem
825 3255 1090 3328 percontaretur,
1126 3267 1184 3309 cur
1219 3247 1290 3308 sine

94 3385 203 3427 uxore
228 3364 461 3440 discubuisset,
486 3374 588 3448 atque
613 3365 668 3428 ille
692 3365 843 3429 functam
867 3366 937 3429 sato
962 3368 1193 3448 responderet.

141 3483 208 3546 Pro
239 3483 656 3568 responderet’Acidalius
687 3486 891 3568 respondere,
925 3485 1076 3549 Ritterus
1108 3487 1288 3569 respondet,

92 3602 273 3666 Ernestius
304 3603 473 3687 respondit
495 3605 722 3667 coniecerunt.
748 3603 840 3686 Quas
863 3605 1074 3667 coniecturas
1097 3624 1173 3667 curn
1198 3625 1289 3667 com·

92 3729 287 3784 memorent
315 3721 472 3797 editores,
496 3722 586 3786 haud
611 3724 731 3786 iniuria
755 3725 798 3786 de
823 3725 947 3786 tradita
971 3723 1118 3786 lectione
1142 3723 1289 3786 dubitari

88 3838 296 3922 significant.
322 3839 415 3903 Nihil
439 3849 553 3904 tamen
578 3843 701 3908 certius
725 3862 826 3924 quarn
851 3843 949 3906 unice
974 3851 1096 3906 veram
1109 3863 1183 3906 eam
1204 3862 1287 3905 esse.

91 3960 211 4022 Etiam
236 3978 434 4041 responsum
461 3959 629 4043 Scipionis
654 3961 912 4025 demonstrabat
936 3982 1037 4044 quam
1063 3963 1181 4046 ignaro
1205 3963 1288 4028 Cae·

88 4099 166 4141 sare
197 4085 271 4140 tota
298 4077 354 4141 illa
378 4099 430 4142 res
454 4088 530 4143 acta
553 4090 652 4144 esset.
678 4079 765 4163 Qui?
789 4082 933 4165 quaeris.
960 4082 1014 4145 Ex
1037 4084 1110 4165 ipso
1136 4083 1289 4148 Caesaris

90 4196 190 4260 vultu
222 4197 391 4260 efficiebat
415 4196 530 4281 Scipio
554 4201 708 4282 ignarum
733 4221 805 4264 esse
831 4203 876 4264 rei
902 4201 1098 4279 Caesarem;
1124 4202 1288 4284 intellige·

90 4316 152 4379 bat
186 4337 270 4398 ergo
300 4320 540 4381 tantummodo
571 4321 761 4382 cavendum
791 4321 854 4383 sibi
879 4341 951 4384 esse
977 4342 1018 4383 ne
1042 4340 1204 4402 responso
1227 4340 1288 4382 suo

90 4435 311 4498 Messalinam
335 4435 473 4519 eiusque
498 4457 600 4500 canes
623 4438 777 4501 irritaret.
804 4437 839 4502 Si
865 4459 944 4502 vero
968 4439 1081 4521 aliquo
1107 4439 1210 4501 modo
1233 4459 1285 4501 su·
