3248 5230
871 424 935 489 274

350 585 470 648 Parum
501 592 634 666 gratum
665 593 718 647 est
748 584 929 647 verborum
960 585 1178 668 ingaudium
1202 586 1308 649 evicta
1331 583 1500 664 ὀξύμωρσν.

302 705 460 768 Tacitum
492 704 626 766 dedisse
657 704 779 786 opinor
808 715 925 779 evecta,
957 706 1049 786 quod
1083 704 1152 767 lere
1169 681 1277 767 'idem
1309 712 1360 768 est
1392 713 1501 787 atque

305 825 404 889 elata.

352 1063 396 1126 H.
418 1065 461 1139 11,
481 1077 535 1146 70.
557 1063 672 1128 Oculis
692 1063 872 1146 perlustrat
887 1062 1044 1126 Vitellius
1057 1083 1214 1144 campum
1229 1063 1505 1137 Bedriacensem,

306 1184 365 1248 ubi
395 1193 474 1248 ante
506 1183 731 1266 quadraginta
762 1184 834 1246 dies
865 1182 1014 1246 terribile
1042 1181 1124 1246 illud
1148 1182 1258 1246 luerat
1280 1182 1505 1245 commissum

307 1304 482 1388 praelium.
515 1301 627 1385 Quam
659 1303 768 1365 dirum
791 1310 827 1365 et
849 1311 949 1365 atrox
973 1301 1028 1364 ille
1051 1309 1124 1364 tum
1148 1303 1343 1384 praebuerit
1367 1311 1507 1384 specta·

308 1421 421 1485 culum
444 1421 589 1485 facunde
612 1421 823 1485 describitur.
848 1420 1026 1504 Sequitur:

357 1543 449 1624 „Nec
474 1541 584 1606 minus
607 1542 791 1605 inhumana
813 1562 891 1624 pars
910 1543 995 1618 viae,
1015 1562 1118 1624 quam
1139 1541 1386 1606 Cremonenses
1405 1543 1505 1606 lauru

308 1681 452 1744 rosaque
475 1669 741 1737 constraverant,
766 1662 946 1724 exstructis
970 1661 1131 1726 altaribus
1155 1663 1329 1745 caesisque
1353 1663 1508 1726 victimis

310 1782 440 1864 regium
464 1782 497 1844 in
523 1779 686 1844 morem.'’

354 1901 517 1982 Aliquam
548 1901 638 1963 viam
669 1899 723 1962 vel
750 1900 824 1963 viae
849 1908 981 1983 partem
1005 1901 1114 1982 ipsam
1138 1899 1355 1963 inhumanam
1380 1920 1511 1963 vocare

310 2019 588 2084 absurdissimum
612 2021 756 2096 videtur,
781 2039 892 2101 neque
915 2020 1055 2083 omnino
1078 2019 1133 2081 hic
1157 2019 1200 2081 de
1225 2018 1292 2082 ulla
1306 2031 1410 2102 parte
1429 2021 1510 2083 viae

310 2161 422 2203 sermo
454 2161 526 2204 esse
558 2148 683 2223 potest,
715 2139 883 2221 siquidem
914 2139 948 2202 in
972 2138 1256 2221 praecedentibus
1280 2159 1348 2201 non
1372 2139 1416 2201 de
1439 2139 1512 2202 alia

313 2263 460 2343 quadam
484 2263 559 2328 viae
583 2269 679 2343 parte
703 2261 814 2343 agitur
837 2261 896 2322 sed
922 2261 965 2322 de
988 2279 1111 2342 campo
1135 2259 1258 2322 vicino,
1286 2257 1513 2341 Quapropter

245 2459 260 2470 ‚
312 2381 544 2445 lubentissime
575 2381 767 2465 Leopoldio
800 2401 877 2443 meo
907 2381 1072 2443 assentior
1103 2388 1212 2454 acute,
1245 2388 1283 2441 ut
1312 2379 1409 2454 solet,
1442 2401 1512 2462 pro

306 2514 395 2585 pars
418 2503 623 2585 proponenti
645 2501 774 2585 species.
800 2501 879 2564 Non
903 2501 1013 2563 minus
1037 2520 1140 2581 quam
1164 2499 1276 2582 campi
1301 2499 1388 2562 illius
1413 2499 1511 2563 foedi

312 2622 503 2703 atrocisque
527 2621 710 2683 inhumana
734 2627 807 2682 erat
829 2621 904 2684 viae
924 2621 1053 2702 species,
1077 2639 1180 2701 quarn
1204 2620 1238 2682 in
1259 2618 1424 2682 honorem
1447 2620 1512 2682 Vi-

311 2741 406 2815 tellii,
431 2740 625 2822 nequissimi
650 2738 853 2814 mortalium,
878 2740 925 2801 ita
945 2747 1193 2802 exornaverant
1214 2739 1401 2821 municipes
1420 2747 1512 2802 tarn·

313 2881 416 2942 quarn
439 2861 466 2922 si
492 2881 633 2942 magnus
656 2858 776 2941 aliquis
799 2879 860 2921 rex
883 2859 1072 2921 accederet.

359 3099 402 3162 H.
429 3099 472 3173 ll,
496 3112 550 3181 74.
576 3099 815 3181 Vespasianus,
839 3097 919 3160 licet
942 3117 1020 3159 eum
1041 3095 1137 3158 multi
1158 3105 1385 3178 potentesque
1404 3100 1510 3162 amici

309 3226 412 3299 atque
436 3218 523 3280 adeo
547 3217 610 3299 ipsi
635 3219 681 3280 dii
706 3216 915 3280 immortales
935 3217 977 3278 ad
1000 3215 1179 3297 imperium
1200 3224 1335 3291 vocent,
1356 3216 1509 3282 haesitat

307 3337 429 3412 etiam;
463 3337 521 3399 vix
548 3357 584 3399 se
608 3344 705 3398 tanto
729 3335 863 3417 fastigio
888 3354 1004 3417 parem
1030 3335 1197 3410 aestimat,
1221 3353 1430 3416 gravemque
1455 3357 1511 3398 re·

306 3456 467 3521 formidat
491 3476 617 3519 casum.
642 3455 687 3518 Et
710 3455 776 3518 alia
799 3473 915 3518 secum
939 3453 1108 3516 deliberat
1132 3461 1166 3516 et
1190 3453 1292 3516 haec:

354 3576 457 3658 „Esse
489 3577 629 3659 privatis
660 3575 924 3658 cogitationibus
955 3592 1182 3656 progressum,
1212 3581 1248 3636 et
1271 3581 1373 3655 prout
1396 3573 1509 3638 velint

305 3696 381 3780 plus
412 3697 565 3759 minusve
597 3695 682 3758 sumi
715 3714 759 3757 ex
790 3692 942 3757 fortuna:
975 3693 1156 3774 imperium
1180 3692 1395 3774 cupientibus
1420 3695 1511 3758 nihil

307 3815 456 3878 medium
480 3816 568 3879 inter
591 3834 723 3878 summa
746 3821 805 3876 aut
829 3810 1066 3894 praecipitia.”

351 3933 548 3998 Claudicare
579 3934 667 3997 hanc
697 3933 902 3996 sententiam
934 3931 1064 3994 dudum
1090 3938 1142 3993 est
1166 3928 1394 4006 intellectum;
1421 3951 1509 4014 ergo

307 4054 443 4136 Lipsius
467 4075 528 4135 pro
542 4065 762 4136 progressum
781 4053 849 4134 legi
868 4052 963 4114 iussit
983 4069 1184 4134 regressum,
1207 4049 1299 4130 quod
1320 4057 1414 4112 certe
1436 4071 1509 4113 me·

308 4174 371 4237 lius
394 4174 537 4246 videtur,
563 4191 665 4252 quarn
689 4171 821 4235 illorum
845 4173 1070 4244 coniecturae,
1092 4169 1149 4250 qui
1174 4189 1265 4249 „esse
1287 4189 1506 4252 progressum

307 4289 516 4376 regressum’'
548 4289 602 4351 vel
637 4309 728 4368 „esse
757 4310 971 4373 progressum
996 4308 1068 4351 esse
1092 4286 1303 4368 regressum”
1328 4286 1382 4349 vel
1412 4309 1507 4368 „esse

307 4428 521 4495 progressum
556 4416 590 4471 et
625 4408 836 4490 regressum”
872 4413 1131 4491 proposuerunt.
1167 4405 1257 4467 Nam
1292 4406 1325 4467 in
1359 4408 1507 4487 privatis
