3266 5238
684 440 723 508 75

153 602 245 666 Ann.
272 604 349 680 XV,
374 603 427 685 65.
462 605 588 686 ,Fama
619 605 681 668 luit
712 604 870 670 Subrium
903 605 1047 668 Flavum
1079 625 1156 666 cum
1184 612 1300 666 centu·

101 724 256 787 tionibus
292 724 426 787 occulto
462 725 613 800 consilio,
650 745 760 807 neque
795 734 910 788 tamen
945 726 1123 808 ignorante
1159 722 1300 796 Seneca,

102 843 340 919 destinavisse,
371 851 408 906 ut
440 853 518 926 post
547 845 696 908 occisum
729 865 833 927 opera
864 845 994 908 Pisonis
1023 844 1194 907 Neronem
1225 842 1300 904 Piso

101 983 243 1044 quoque
256 962 511 1037 interficeretur,
521 964 779 1045 tradereturque
790 965 967 1046 imperium
978 964 1138 1039 Senecae,
1148 963 1243 1046 quasi
1254 964 1301 1025 in-

102 1082 261 1146 sontibus
279 1081 301 1163 ¹)
322 1081 522 1145 claritudine
535 1083 698 1146 virtutum
711 1085 754 1146 ad
768 1103 936 1146 summum
951 1083 1120 1165 fastigium
1134 1081 1301 1146 delecto”.

151 1202 208 1264 Ad
234 1202 323 1265 hunc
347 1202 459 1266 locum
484 1202 719 1266 illustrandum
744 1205 828 1267 mira
851 1204 1020 1286 quaedam
1045 1203 1196 1284 disputat
1218 1201 1301 1285 Nip-

102 1321 265 1404 perdeius
288 1322 331 1384 de
354 1321 498 1384 consciis
520 1322 675 1385 sontibus
698 1331 733 1385 et
752 1321 952 1385 insontibus
972 1320 1162 1403 Aliquanto
1182 1320 1301 1384 melius

103 1441 220 1503 locum
238 1441 286 1503 sic
303 1442 429 1523 accipit
448 1441 646 1504 Furneaux:
664 1461 751 1523 ,quo
764 1442 854 1505 facto
868 1443 930 1524 ipsi
943 1443 1084 1505 insontes
1095 1441 1299 1516 viderentur,

101 1569 227 1642 utpote
257 1561 314 1643 qui
346 1541 456 1643 ipsum
486 1581 624 1643 quoque
655 1561 859 1626 occidissent
891 1563 1058 1636 Pisonem,
1087 1571 1121 1624 et
1153 1562 1300 1623 virorum

102 1679 310 1762 probissimo
340 1680 592 1763 clarissimoque
623 1682 758 1744 tradere
789 1667 1001 1764 imperium’'.
1034 1679 1102 1744 Sed
1128 1681 1192 1744 hoc
1217 1701 1300 1762 quo-

104 1799 219 1862 minus
250 1798 340 1862 illam
373 1801 689 1882 interpretationem
723 1800 906 1883 probemus
937 1800 1061 1876 obstat,
1094 1802 1186 1882 quod
1212 1821 1300 1863 nunc

100 1919 204 2000 quasi
233 1919 440 2000 iungendum
465 1927 516 1982 est
540 1939 616 1983 cum
641 1920 713 1983 solo
738 1919 926 1994 insontibus,
952 1939 1029 1982 cum
1054 1929 1169 1982 tamen
1195 1920 1301 2002 magis

103 2039 211 2102 etiam
242 2038 285 2100 ad
317 2038 516 2101 claritudine
545 2039 709 2104 virtutum
740 2039 858 2102 delecto
888 2039 1066 2121 pertineat.
1092 2039 1138 2102 Et
1161 2040 1301 2102 omnino

104 2177 186 2220 cum
216 2158 387 2220 adiectivo
410 2158 519 2221 insons
543 2158 597 2221 hic
622 2156 761 2221 Tacitus
784 2159 899 2233 utitur,
924 2157 1005 2221 illud
1030 2158 1229 2241 simpliciter
1251 2167 1301 2220 at-

103 2298 175 2359 que
206 2286 324 2359 aperte
353 2275 395 2354 τῷ
427 2278 570 2341 conscius
600 2279 789 2361 opponit:
822 2279 877 2341 alii
910 2285 987 2340 sunt
1019 2287 1135 2341 sontes
1162 2277 1300 2360 (conscii

102 2397 360 2478 coniurationis)
379 2395 434 2459 alii
452 2398 593 2460 insontes
610 2397 863 2478 (coniurationis
882 2417 949 2460 non
969 2398 1172 2481 participes).
1192 2397 1301 2474 Unice

101 2537 187 2580 vera
211 2536 292 2598 ergo
316 2524 366 2579 est
388 2525 490 2598 atque
510 2517 597 2580 adeo
619 2517 807 2580 necessaria
827 2517 974 2580 Acidalii
996 2517 1162 2579 correctio
1180 2518 1302 2582 insonti

99 2649 135 2701 et
169 2638 244 2719 (pro
278 2637 486 2719 insontibus):
523 2636 702 2718 imperium
733 2635 883 2700 Senecae
915 2635 1066 2700 delatum
1100 2655 1200 2700 nemo
1231 2657 1298 2699 non

101 2755 298 2820 mortalium
333 2765 422 2820 esset
456 2756 677 2839 probaturus:
714 2757 829 2820 insons
864 2757 953 2820 enim
990 2756 1044 2819 ille
1080 2765 1152 2819 erat
1188 2775 1298 2837 neque

99 2877 267 2958 sanguine
287 2895 452 2959 aspersus,
474 2884 649 2958 praeterea
670 2877 823 2940 claritate
844 2877 1008 2939 virtutum
1028 2896 1160 2938 summo
1177 2876 1299 2958 dignus

100 2995 251 3078 fastigio.

148 3115 194 3178 A.
221 3114 316 3190 XVI,
346 3133 394 3198 19.
427 3116 479 3178 De
510 3116 659 3179 Petronii
691 3117 762 3178 vita
786 3124 866 3178 ante
889 3124 967 3179 acta
990 3123 1171 3198 postquam
1196 3135 1297 3197 quae-

103 3236 185 3298 dam
210 3235 358 3298 narravit
382 3235 531 3311 Tacitus,
556 3236 614 3317 qui
639 3236 785 3298 Neronis
808 3237 851 3298 sit
874 3235 983 3299 lactus
1006 3238 1134 3299 amicus
1158 3237 1298 3298 demon-

102 3355 236 3428 stravit,
255 3355 402 3437 denique
421 3374 480 3416 cur
497 3362 531 3417 et
544 3375 613 3436 quo
626 3356 730 3417 modo
743 3375 762 3418 a
775 3354 943 3437 Tigellino
955 3364 1131 3438 tamquam
1144 3355 1298 3418 conscius

103 3474 305 3538 Pisonianae
329 3473 570 3537 coniurationis
593 3483 770 3538 accusatus
792 3476 836 3537 sit
859 3477 1027 3558 exposuit,
1052 3476 1099 3538 sic
1124 3475 1251 3557 pergit:

154 3593 278 3673 ,Forte
302 3592 366 3656 illis
390 3592 510 3656 diebus
534 3593 755 3675 Campaniam
778 3595 945 3677 petiverat
965 3592 1098 3667 Caesar,
1120 3601 1153 3654 et
1173 3591 1297 3655 Cumas

103 3731 210 3794 usque
242 3731 438 3794 progressus
471 3712 647 3775 Petronius
679 3712 744 3775 illic
774 3711 986 3776 attinebatur.
1013 3710 1085 3772 Nec
1110 3708 1186 3772 tulit
1210 3708 1296 3772 ultra

99 3831 233 3894 timoris
264 3837 322 3893 aut
353 3831 426 3912 spei
458 3851 569 3894 moras
602 3833 800 3914 (sequuntur
830 3831 872 3893 de
905 3838 1013 3892 morte
1046 3827 1116 3891 eius
1144 3847 1294 3910 eaquae

101 3949 207 4032 vulgo
234 3947 361 4030 nota)”.

101 4183 242 4234 interfecto
267 4181 321 4232 filio
346 4182 498 4232 Radamisto
520 4182 595 4247 quasi
614 4183 756 4246 proditore,
776 4197 829 4247 quo
849 4181 924 4232 fidem
944 4183 972 4230 in
992 4197 1040 4231 nos
1059 4187 1202 4244 testaretur,
1221 4186 1295 4229 vetus

101 4270 228 4320 adversus
251 4269 390 4317 Armenios
408 4268 497 4317 odium
516 4269 662 4332 promptius
681 4269 843 4332 exercebat'',
862 4269 879 4316 i.
899 4285 921 4318 e.
941 4269 1138 4317 Pharasmanem
1156 4265 1295 4316 admouere

101 4373 172 4421 opus
190 4371 244 4405 non
263 4361 332 4404 erut:
351 4361 446 4418 sponte
464 4353 510 4404 ille
528 4361 554 4404 et
573 4353 685 4403 libenter
703 4354 803 4403 bellum
823 4355 962 4403 Armeniae
981 4354 1117 4403 interebat.

143 4441 167 4502 ι)
187 4441 217 4490 Iu
235 4439 326 4490 codice
344 4446 383 4489 est
402 4440 528 4498 insontib,
546 4449 571 4489 et
590 4439 707 4506 signum3
728 4441 834 4504 quidem
854 4449 893 4490 est
911 4457 926 4490 a
944 4455 1022 4489 mauu
1042 4439 1194 4489 recentiore.
