3266 5238
884 1433 980 1497 XIII.

377 1659 496 1723 Redeo
528 1680 617 1723 nunc
649 1680 691 1724 eo
722 1660 812 1724 unde
844 1667 918 1724 tota
950 1659 1033 1722 haec
1064 1658 1217 1741 prosecta
1247 1665 1299 1720 est
1327 1657 1528 1741 disputatio.

333 1778 426 1842 Nihil
447 1800 596 1863 unquam
616 1780 787 1844 obstitisse
808 1780 1115 1843 demonstravimus
1134 1779 1316 1861 quominus
1335 1778 1529 1859 quisquam,

332 1899 390 1980 qui
422 1899 558 1982 ingenio
590 1900 753 1962 memoria
784 1899 949 1962 industria
980 1900 1060 1962 satis
1087 1898 1225 1972 valeret,
1251 1917 1353 1979 quam
1377 1898 1531 1980 optimus

332 2019 494 2081 evaderet
525 2019 712 2094 historicus,
744 2018 923 2101 legemque
955 2017 1046 2081 illam
1072 2017 1308 2094 NIssenianam
1332 2017 1531 2079 auctoribus

332 2136 542 2220 ducibusque
575 2137 783 2200 Woelfflinio
813 2137 991 2201 Boissierio
1015 2136 1088 2198 aliis
1111 2156 1153 2198 eo
1177 2135 1444 2210 amandavimus,
1470 2135 1531 2197 ubi

332 2275 410 2318 curn
434 2257 555 2319 ceteris
577 2257 698 2320 scrutis
720 2265 755 2319 et
779 2257 902 2320 doctae
922 2264 1099 2320 servantur
1119 2256 1278 2338 ineptiae.
1300 2253 1395 2336 Quae
1413 2263 1531 2317 essent

333 2377 404 2438 eius
435 2377 545 2439 officia
570 2378 627 2459 qui
651 2398 704 2440 res
727 2385 840 2460 gestas
863 2385 1013 2441 narraret
1037 2397 1138 2439 nemo
1162 2376 1263 2459 paulo
1287 2375 1409 2438 cultior
1432 2375 1531 2456 igno·

333 2497 420 2558 ravit
445 2516 609 2578 unquam;
636 2497 775 2560 Tacitus
799 2516 880 2560 vero
903 2516 1005 2579 saepe
1030 2496 1137 2579 probe
1161 2516 1197 2558 se
1222 2504 1303 2559 nota
1323 2494 1379 2558 illa
1399 2495 1529 2558 habere

332 2616 466 2679 disertis
489 2616 674 2681 declaravit
698 2617 820 2681 verbis.
845 2617 1030 2681 Historiam
1051 2618 1109 2698 qui
1130 2626 1242 2680 narret
1263 2617 1293 2678 ei
1314 2635 1433 2679 omnes
1452 2635 1528 2678 esse

332 2735 558 2800 consulendos
581 2737 671 2800 unde
690 2737 820 2800 discere
839 2737 947 2819 possit
967 2737 1105 2818 aliquid,
1126 2756 1194 2799 non
1214 2735 1323 2798 solum
1343 2735 1528 2818 scriptores

331 2862 444 2918 aetate
476 2855 619 2918 maiores
643 2856 703 2918 sed
727 2864 878 2932 cunctos
902 2856 959 2937 qui
984 2855 1030 2918 rei
1055 2854 1243 2918 narrandae
1266 2855 1425 2938 aequales
1448 2876 1528 2938 sup-

332 2993 473 3055 paresve
507 2973 641 3050 luerint,
677 2974 731 3039 vel
765 2996 934 3038 rumorem
970 2975 1117 3057 ailquem
1149 2975 1216 3038 late
1247 2995 1400 3057 sparsum
1432 2975 1527 3038 fideli

331 3093 502 3156 tenuerint
533 3095 713 3172 memoria;
745 3096 772 3158 si
804 3095 849 3158 illi
874 3095 962 3158 inter
985 3114 1021 3158 se
1046 3094 1247 3158 dissentiant
1271 3103 1427 3159 accurate
1451 3094 1528 3158 reli·

330 3212 493 3294 gioseque
527 3235 599 3277 esse
635 3215 900 3278 examinandum
935 3215 1016 3297 quid
1049 3215 1091 3276 sit
1123 3213 1303 3277 verisimile
1312 3241 1320 3290 ;
1352 3235 1430 3278 cum
1460 3215 1528 3277 sibi

329 3330 477 3413 aIIquam
503 3332 549 3394 rei
573 3334 768 3416 propositae
788 3332 976 3397 informarit
996 3335 1179 3416 imaginem
1199 3335 1280 3397 satis
1298 3333 1525 3416 probabilem,

329 3469 369 3512 ea
403 3449 495 3513 illam
530 3471 603 3514 esse
634 3454 866 3516 exornandam
899 3455 1053 3517 oratione
1083 3473 1171 3534 quae
1203 3453 1324 3516 deceat
1356 3453 1524 3530 maxime;

328 3577 502 3652 postremo
521 3571 554 3634 in
575 3579 650 3634 toto
671 3572 809 3654 negotio
830 3573 913 3636 iram
934 3581 967 3635 et
985 3573 1134 3636 studium
1149 3571 1265 3655 procul
1278 3592 1351 3635 esse
1364 3572 1525 3636 habenda

327 3709 523 3771 persuasum
544 3690 606 3754 suit
625 3690 757 3768 Tacit0‚
779 3699 812 3754 et
833 3692 886 3754 cui
907 3712 975 3755 non
996 3691 1058 3755 Iuit
1078 3711 1285 3774 persuasum,
1306 3692 1363 3774 qui
1382 3691 1523 3774 quidem

327 3808 360 3870 in
392 3808 490 3872 bonis
521 3810 649 3874 artibus
681 3819 716 3874 et
747 3811 780 3873 in
812 3832 847 3874 re
875 3811 1023 3875 literaria
1047 3831 1114 3874 non
1140 3811 1241 3894 plane
1265 3817 1353 3874 esset
1377 3809 1525 3894 hospes?

327 3927 445 4010 Atque
477 3929 560 3993 haec
591 3931 706 3994 omnia
738 3931 770 3993 in
803 3931 877 4014 ipso
909 3951 1013 4014 opere
1045 3930 1191 3993 fideliter
1223 3931 1403 3994 observare
1432 3929 1526 3993 nulla

327 4068 533 4130 quemquam
553 4069 702 4130 unquam
723 4050 831 4113 vetuit
851 4050 917 4126 lex,
938 4069 1026 4132 quae
1046 4050 1184 4131 quidem
1206 4049 1415 4112 extrinsecus
1433 4057 1524 4112 esset

326 4166 437 4243 allata,
462 4166 522 4228 sed
547 4175 582 4230 et
604 4167 761 4233 Tacitum
785 4179 820 4233 et
844 4177 977 4233 ceteros
999 4188 1117 4233 omnes
1141 4168 1312 4232 interdum
1332 4169 1524 4232 communis

326 4287 382 4351 illa
414 4287 522 4350 vetuit
552 4286 608 4350 lex
632 4289 837 4354 infirmitatis
861 4290 1039 4355 humanae.
1065 4290 1235 4372 Equidem
1260 4289 1400 4352 maximi
1424 4288 1523 4352 Taci-

326 4415 399 4470 tum
431 4406 527 4482 Iaci0,
559 4429 758 4493 summaque
789 4432 866 4475 cum
890 4410 1118 4474 delectatione
1143 4409 1208 4492 legi
1232 4430 1320 4491 quae
1345 4429 1452 4492 nuper
1476 4411 1521 4472 ad
