<?xml version="1.0" encoding="UTF-8"?>
<!DOCTYPE html PUBLIC "-//W3C//DTD XHTML 1.0 Transitional//EN"
    "http://www.w3.org/TR/xhtml1/DTD/xhtml1-transitional.dtd">
<html xmlns="http://www.w3.org/1999/xhtml" xml:lang="en" lang="en">
 <head>
  <title>
</title>
<meta http-equiv="Content-Type" content="text/html;charset=utf-8" />
  <meta name='ocr-system' content='tesseract 3.04.00' />
  <meta name='ocr-capabilities' content='ocr_page ocr_carea ocr_par ocr_line ocrx_word'/>
</head>
<body>
  <div class='ocr_page' id='page_1' title='image "./analectatacitea01hartgoog_0250.png"; bbox 0 0 3228 5236; ppageno 0'>
   <div class='ocr_carea' id='block_1_1' title="bbox 660 490 724 557">
    <p class='ocr_par' dir='ltr' id='par_1_1' title="bbox 660 490 724 557">
     <span class='ocr_line' id='line_1_1' title="bbox 660 490 724 557; baseline 0.016 -1"><span class='ocrx_word' id='word_1_1' title='bbox 660 490 724 557; x_wconf 88' lang='lat'>²39</span> 
     </span>
    </p>
   </div>
   <div class='ocr_carea' id='block_1_2' title="bbox 106 638 1288 854">
    <p class='ocr_par' dir='ltr' id='par_1_2' title="bbox 106 638 1288 854">
     <span class='ocr_line' id='line_1_2' title="bbox 148 638 1286 736; baseline 0.004 -23"><span class='ocrx_word' id='word_1_2' title='bbox 148 651 313 734; x_wconf 82' lang='lat' dir='ltr'>„Longius</span> <span class='ocrx_word' id='word_1_3' title='bbox 337 651 403 715; x_wconf 90' lang='lat' dir='ltr'>iam</span> <span class='ocrx_word' id='word_1_4' title='bbox 427 638 623 735; x_wconf 84' lang='lat' dir='ltr'>progressus</span> <span class='ocrx_word' id='word_1_5' title='bbox 648 662 729 728; x_wconf 91' lang='lat' dir='ltr'>erat,</span> <span class='ocrx_word' id='word_1_6' title='bbox 754 673 857 735; x_wconf 89' lang='lat' dir='ltr'>quarn</span> <span class='ocrx_word' id='word_1_7' title='bbox 882 661 919 716; x_wconf 93' lang='lat' dir='ltr'>ut</span> <span class='ocrx_word' id='word_1_8' title='bbox 942 653 1074 735; x_wconf 84' lang='lat' dir='ltr'>regredi</span> <span class='ocrx_word' id='word_1_9' title='bbox 1100 662 1229 736; x_wconf 90' lang='lat' dir='ltr'>posset;</span> <span class='ocrx_word' id='word_1_10' title='bbox 1251 663 1286 717; x_wconf 91' lang='lat' dir='ltr'>et</span> 
     </span>
     <span class='ocr_line' id='line_1_3' title="bbox 106 771 1288 854; baseline 0.005 -23"><span class='ocrx_word' id='word_1_11' title='bbox 106 789 160 832; x_wconf 90' lang='lat' dir='ltr'>suo</span> <span class='ocrx_word' id='word_1_12' title='bbox 181 771 322 852; x_wconf 86' lang='lat' dir='ltr'>quisque</span> <span class='ocrx_word' id='word_1_13' title='bbox 343 779 446 846; x_wconf 92' lang='lat' dir='ltr'>metu,</span> <span class='ocrx_word' id='word_1_14' title='bbox 467 791 510 834; x_wconf 87' lang='lat' dir='ltr'>ne</span> <span class='ocrx_word' id='word_1_15' title='bbox 530 771 689 834; x_wconf 89' lang='lat' dir='ltr'>disiectos</span> <span class='ocrx_word' id='word_1_16' title='bbox 709 791 818 854; x_wconf 90' lang='lat' dir='ltr'>eoque</span> <span class='ocrx_word' id='word_1_17' title='bbox 839 772 948 835; x_wconf 91' lang='lat' dir='ltr'>minus</span> <span class='ocrx_word' id='word_1_18' title='bbox 969 773 1100 835; x_wconf 91' lang='lat' dir='ltr'>validos</span> <span class='ocrx_word' id='word_1_19' title='bbox 1113 772 1288 837; x_wconf 86' lang='lat' dir='ltr'>Vitelliani</span> 
     </span>
    </p>
   </div>
   <div class='ocr_carea' id='block_1_3' title="bbox 106 871 1285 975">
    <p class='ocr_par' dir='ltr' id='par_1_3' title="bbox 106 871 1285 975">
     <span class='ocr_line' id='line_1_4' title="bbox 106 871 1285 975; baseline 0.006 -25"><span class='ocrx_word' id='word_1_20' title='bbox 106 897 381 966; x_wconf 88' lang='lat' dir='ltr'>consectarentur,</span> <span class='ocrx_word' id='word_1_21' title='bbox 411 898 630 954; x_wconf 83' lang='lat' dir='ltr'><strong>cunctantem</strong></span> <span class='ocrx_word' id='word_1_22' title='bbox 661 890 694 954; x_wconf 90' lang='lat' dir='ltr'>in</span> <span class='ocrx_word' id='word_1_23' title='bbox 726 911 819 954; x_wconf 90' lang='lat' dir='ltr'>arma</span> <span class='ocrx_word' id='word_1_24' title='bbox 843 891 1074 973; x_wconf 88' lang='lat' dir='ltr'>impellebant.</span> <span class='ocrx_word' id='word_1_25' title='bbox 1095 871 1167 956; x_wconf 64' lang='lat' dir='ltr'>xSed</span> <span class='ocrx_word' id='word_1_26' title='bbox 1193 895 1285 975; x_wconf 90' lang='lat' dir='ltr'>quod</span> 
     </span>
    </p>
   </div>
   <div class='ocr_carea' id='block_1_4' title="bbox 91 1009 1287 4564">
    <p class='ocr_par' dir='ltr' id='par_1_4' title="bbox 101 1009 1287 1432">
     <span class='ocr_line' id='line_1_5' title="bbox 103 1009 1285 1088; baseline 0.004 -17"><span class='ocrx_word' id='word_1_27' title='bbox 103 1010 133 1071; x_wconf 92' lang='lat' dir='ltr'>in</span> <span class='ocrx_word' id='word_1_28' title='bbox 155 1009 318 1073; x_wconf 89' lang='lat' dir='ltr'>eiusmodi</span> <span class='ocrx_word' id='word_1_29' title='bbox 342 1009 443 1072; x_wconf 87' lang='lat' dir='ltr'>robus</span> <span class='ocrx_word' id='word_1_30' title='bbox 466 1009 601 1084; x_wconf 90' lang='lat' dir='ltr'>accidit,</span> <span class='ocrx_word' id='word_1_31' title='bbox 625 1009 801 1073; x_wconf 90' lang='lat' dir='ltr'>consilium</span> <span class='ocrx_word' id='word_1_32' title='bbox 825 1011 869 1073; x_wconf 90' lang='lat' dir='ltr'>ab</span> <span class='ocrx_word' id='word_1_33' title='bbox 891 1011 1049 1074; x_wconf 90' lang='lat' dir='ltr'>omnibus</span> <span class='ocrx_word' id='word_1_34' title='bbox 1073 1012 1190 1075; x_wconf 91' lang='lat' dir='ltr'>datum</span> <span class='ocrx_word' id='word_1_35' title='bbox 1216 1021 1285 1088; x_wconf 92' lang='lat' dir='ltr'>est,</span> 
     </span>
     <span class='ocr_line' id='line_1_6' title="bbox 104 1129 1287 1212; baseline 0.002 -20"><span class='ocrx_word' id='word_1_36' title='bbox 104 1130 280 1210; x_wconf 90' lang='lat' dir='ltr'>periculum</span> <span class='ocrx_word' id='word_1_37' title='bbox 310 1130 408 1212; x_wconf 90' lang='lat' dir='ltr'>pauci</span> <span class='ocrx_word' id='word_1_38' title='bbox 431 1149 616 1212; x_wconf 87' lang='lat' dir='ltr'>sumpsere.</span> <span class='ocrx_word' id='word_1_39' title='bbox 641 1129 738 1193; x_wconf 91' lang='lat' dir='ltr'>Circa</span> <span class='ocrx_word' id='word_1_40' title='bbox 762 1129 872 1193; x_wconf 92' lang='lat' dir='ltr'>lacum</span> <span class='ocrx_word' id='word_1_41' title='bbox 897 1131 1053 1194; x_wconf 87' lang='lat' dir='ltr'>Fundani</span> <span class='ocrx_word' id='word_1_42' title='bbox 1078 1131 1287 1195; x_wconf 86' lang='lat' dir='ltr'>descenden-</span> 
     </span>
     <span class='ocr_line' id='line_1_7' title="bbox 102 1247 1286 1333; baseline 0.003 -23"><span class='ocrx_word' id='word_1_43' title='bbox 102 1247 192 1323; x_wconf 83' lang='lat' dir='ltr'>tibus,</span> <span class='ocrx_word' id='word_1_44' title='bbox 225 1248 283 1330; x_wconf 93' lang='lat' dir='ltr'>qui</span> <span class='ocrx_word' id='word_1_45' title='bbox 308 1247 472 1312; x_wconf 85' lang='lat' dir='ltr'>Sabinum</span> <span class='ocrx_word' id='word_1_46' title='bbox 495 1249 757 1325; x_wconf 85' lang='lat' dir='ltr'><strong>comitabantur,</strong></span> <span class='ocrx_word' id='word_1_47' title='bbox 781 1250 918 1312; x_wconf 87' lang='lat' dir='ltr'>armatis</span> <span class='ocrx_word' id='word_1_48' title='bbox 942 1259 1123 1314; x_wconf 91' lang='lat' dir='ltr'>occurrunt</span> <span class='ocrx_word' id='word_1_49' title='bbox 1148 1270 1286 1333; x_wconf 91' lang='lat' dir='ltr'>promp-</span> 
     </span>
     <span class='ocr_line' id='line_1_8' title="bbox 101 1367 529 1432; baseline 0 -2"><span class='ocrx_word' id='word_1_50' title='bbox 101 1367 211 1431; x_wconf 87' lang='lat' dir='ltr'>tissimi</span> <span class='ocrx_word' id='word_1_51' title='bbox 235 1367 529 1432; x_wconf 90' lang='lat' dir='ltr'>Vitellianorum.”</span> 
     </span>
    </p>

    <p class='ocr_par' dir='ltr' id='par_1_5' title="bbox 96 1487 1286 3106">
     <span class='ocr_line' id='line_1_9' title="bbox 140 1487 1285 1571; baseline 0.002 -21"><span class='ocrx_word' id='word_1_52' title='bbox 140 1489 231 1550; x_wconf 86' lang='lat' dir='ltr'>Ferri</span> <span class='ocrx_word' id='word_1_53' title='bbox 265 1489 353 1552; x_wconf 89' lang='lat' dir='ltr'>istud</span> <span class='ocrx_word' id='word_1_54' title='bbox 385 1489 530 1552; x_wconf 88' lang='lat' dir='ltr'>armatis</span> <span class='ocrx_word' id='word_1_55' title='bbox 561 1488 688 1571; x_wconf 89' lang='lat' dir='ltr'>nequit.</span> <span class='ocrx_word' id='word_1_56' title='bbox 721 1487 811 1552; x_wconf 91' lang='lat' dir='ltr'>Tota</span> <span class='ocrx_word' id='word_1_57' title='bbox 841 1490 884 1552; x_wconf 94' lang='lat' dir='ltr'>de</span> <span class='ocrx_word' id='word_1_58' title='bbox 914 1488 1034 1552; x_wconf 88' lang='lat' dir='ltr'>Flavio</span> <span class='ocrx_word' id='word_1_59' title='bbox 1058 1487 1186 1552; x_wconf 87' lang='lat' dir='ltr'>Sabino</span> <span class='ocrx_word' id='word_1_60' title='bbox 1211 1509 1285 1552; x_wconf 91' lang='lat' dir='ltr'>nar·</span> 
     </span>
     <span class='ocr_line' id='line_1_10' title="bbox 101 1608 1284 1692; baseline 0.003 -22"><span class='ocrx_word' id='word_1_61' title='bbox 101 1608 221 1671; x_wconf 88' lang='lat' dir='ltr'>ratione</span> <span class='ocrx_word' id='word_1_62' title='bbox 254 1609 287 1670; x_wconf 91' lang='lat' dir='ltr'>in</span> <span class='ocrx_word' id='word_1_63' title='bbox 320 1608 383 1671; x_wconf 91' lang='lat' dir='ltr'>hac</span> <span class='ocrx_word' id='word_1_64' title='bbox 412 1629 446 1670; x_wconf 90' lang='lat' dir='ltr'>re</span> <span class='ocrx_word' id='word_1_65' title='bbox 470 1609 626 1690; x_wconf 86' lang='lat' dir='ltr'>quaestio</span> <span class='ocrx_word' id='word_1_66' title='bbox 650 1617 811 1683; x_wconf 88' lang='lat' dir='ltr'>versatur,</span> <span class='ocrx_word' id='word_1_67' title='bbox 836 1617 947 1672; x_wconf 90' lang='lat' dir='ltr'>utrum</span> <span class='ocrx_word' id='word_1_68' title='bbox 973 1629 1066 1672; x_wconf 89' lang='lat' dir='ltr'>arma</span> <span class='ocrx_word' id='word_1_69' title='bbox 1089 1610 1133 1673; x_wconf 91' lang='lat' dir='ltr'>ab</span> <span class='ocrx_word' id='word_1_70' title='bbox 1157 1630 1198 1673; x_wconf 92' lang='lat' dir='ltr'>eo</span> <span class='ocrx_word' id='word_1_71' title='bbox 1222 1631 1284 1692; x_wconf 93' lang='lat' dir='ltr'>pro</span> 
     </span>
     <span class='ocr_line' id='line_1_11' title="bbox 99 1725 1283 1812; baseline 0.003 -24"><span class='ocrx_word' id='word_1_72' title='bbox 99 1725 201 1790; x_wconf 89' lang='lat' dir='ltr'>fratris</span> <span class='ocrx_word' id='word_1_73' title='bbox 223 1727 367 1810; x_wconf 87' lang='lat' dir='ltr'>imperio</span> <span class='ocrx_word' id='word_1_74' title='bbox 387 1736 563 1791; x_wconf 88' lang='lat' dir='ltr'>sumantur</span> <span class='ocrx_word' id='word_1_75' title='bbox 581 1748 625 1790; x_wconf 89' lang='lat' dir='ltr'>an</span> <span class='ocrx_word' id='word_1_76' title='bbox 645 1749 713 1791; x_wconf 91' lang='lat' dir='ltr'>non</span> <span class='ocrx_word' id='word_1_77' title='bbox 733 1736 917 1804; x_wconf 87' lang='lat' dir='ltr'>sumantur,</span> <span class='ocrx_word' id='word_1_78' title='bbox 939 1737 973 1792; x_wconf 91' lang='lat' dir='ltr'>et</span> <span class='ocrx_word' id='word_1_79' title='bbox 995 1749 1039 1792; x_wconf 88' lang='lat' dir='ltr'>ex</span> <span class='ocrx_word' id='word_1_80' title='bbox 1059 1730 1139 1812; x_wconf 91' lang='lat' dir='ltr'>ipsis</span> <span class='ocrx_word' id='word_1_81' title='bbox 1161 1731 1283 1805; x_wconf 90' lang='lat' dir='ltr'>verbis,</span> 
     </span>
     <span class='ocr_line' id='line_1_12' title="bbox 99 1847 1283 1931; baseline 0.003 -22"><span class='ocrx_word' id='word_1_82' title='bbox 99 1866 178 1928; x_wconf 89' lang='lat' dir='ltr'>quae</span> <span class='ocrx_word' id='word_1_83' title='bbox 202 1847 392 1923; x_wconf 88' lang='lat' dir='ltr'>citavimus,</span> <span class='ocrx_word' id='word_1_84' title='bbox 416 1847 460 1911; x_wconf 92' lang='lat' dir='ltr'>ab</span> <span class='ocrx_word' id='word_1_85' title='bbox 484 1847 523 1910; x_wconf 91' lang='lat' dir='ltr'>iis</span> <span class='ocrx_word' id='word_1_86' title='bbox 546 1857 648 1923; x_wconf 88' lang='lat' dir='ltr'>certe,</span> <span class='ocrx_word' id='word_1_87' title='bbox 673 1849 730 1931; x_wconf 92' lang='lat' dir='ltr'>qui</span> <span class='ocrx_word' id='word_1_88' title='bbox 751 1849 931 1913; x_wconf 89' lang='lat' dir='ltr'>discrimen</span> <span class='ocrx_word' id='word_1_89' title='bbox 953 1869 1020 1912; x_wconf 92' lang='lat' dir='ltr'>non</span> <span class='ocrx_word' id='word_1_90' title='bbox 1042 1850 1283 1926; x_wconf 88' lang='lat' dir='ltr'>detrectarent,</span> 
     </span>
     <span class='ocr_line' id='line_1_13' title="bbox 99 1968 1285 2052; baseline 0.004 -24"><span class='ocrx_word' id='word_1_91' title='bbox 99 1985 185 2029; x_wconf 91' lang='lat' dir='ltr'>arma</span> <span class='ocrx_word' id='word_1_92' title='bbox 212 1975 349 2049; x_wconf 90' lang='lat' dir='ltr'>sumpta</span> <span class='ocrx_word' id='word_1_93' title='bbox 372 1968 604 2050; x_wconf 87' lang='lat' dir='ltr'>cognovimus.</span> <span class='ocrx_word' id='word_1_94' title='bbox 630 1968 708 2030; x_wconf 92' lang='lat' dir='ltr'>Non</span> <span class='ocrx_word' id='word_1_95' title='bbox 732 1968 833 2050; x_wconf 88' lang='lat' dir='ltr'>igitur</span> <span class='ocrx_word' id='word_1_96' title='bbox 856 1987 918 2031; x_wconf 90' lang='lat' dir='ltr'>nos</span> <span class='ocrx_word' id='word_1_97' title='bbox 942 1969 1063 2035; x_wconf 89' lang='lat' dir='ltr'>iterum</span> <span class='ocrx_word' id='word_1_98' title='bbox 1087 1970 1201 2033; x_wconf 89' lang='lat' dir='ltr'>doceri</span> <span class='ocrx_word' id='word_1_99' title='bbox 1227 1990 1285 2052; x_wconf 88' lang='lat' dir='ltr'>pa·</span> 
     </span>
     <span class='ocr_line' id='line_1_14' title="bbox 100 2085 1286 2169; baseline 0.004 -21"><span class='ocrx_word' id='word_1_100' title='bbox 100 2087 194 2149; x_wconf 90' lang='lat' dir='ltr'>timur</span> <span class='ocrx_word' id='word_1_101' title='bbox 223 2099 374 2150; x_wconf 85' lang='lat' dir='ltr'>armatos</span> <span class='ocrx_word' id='word_1_102' title='bbox 404 2086 514 2162; x_wconf 89' lang='lat' dir='ltr'>luisse,</span> <span class='ocrx_word' id='word_1_103' title='bbox 546 2087 603 2169; x_wconf 92' lang='lat' dir='ltr'>qui</span> <span class='ocrx_word' id='word_1_104' title='bbox 629 2085 793 2151; x_wconf 89' lang='lat' dir='ltr'>Sabinum</span> <span class='ocrx_word' id='word_1_105' title='bbox 817 2088 1078 2152; x_wconf 86' lang='lat' dir='ltr'>comitabantur.</span> <span class='ocrx_word' id='word_1_106' title='bbox 1105 2090 1209 2153; x_wconf 86' lang='lat' dir='ltr'>Ferre</span> <span class='ocrx_word' id='word_1_107' title='bbox 1233 2099 1286 2154; x_wconf 90' lang='lat' dir='ltr'>ut·</span> 
     </span>
     <span class='ocr_line' id='line_1_15' title="bbox 100 2205 1281 2288; baseline 0.006 -21"><span class='ocrx_word' id='word_1_108' title='bbox 100 2224 225 2287; x_wconf 91' lang='lat' dir='ltr'>cunque</span> <span class='ocrx_word' id='word_1_109' title='bbox 261 2205 508 2269; x_wconf 90' lang='lat' dir='ltr'>nominativum</span> <span class='ocrx_word' id='word_1_110' title='bbox 543 2206 673 2269; x_wconf 90' lang='lat' dir='ltr'>armati</span> <span class='ocrx_word' id='word_1_111' title='bbox 706 2226 897 2288; x_wconf 90' lang='lat' dir='ltr'>possemus,</span> <span class='ocrx_word' id='word_1_112' title='bbox 934 2207 996 2270; x_wconf 93' lang='lat' dir='ltr'>nisi</span> <span class='ocrx_word' id='word_1_113' title='bbox 1032 2208 1124 2272; x_wconf 91' lang='lat' dir='ltr'>illam</span> <span class='ocrx_word' id='word_1_114' title='bbox 1160 2230 1281 2274; x_wconf 87' lang='lat' dir='ltr'>vocem</span> 
     </span>
     <span class='ocr_line' id='line_1_16' title="bbox 100 2324 1282 2409; baseline 0.008 -25"><span class='ocrx_word' id='word_1_115' title='bbox 100 2324 297 2387; x_wconf 89' lang='lat' dir='ltr'>adiectivum</span> <span class='ocrx_word' id='word_1_116' title='bbox 322 2326 570 2408; x_wconf 84' lang='lat' dir='ltr'>promptissimi</span> <span class='ocrx_word' id='word_1_117' title='bbox 598 2324 699 2408; x_wconf 91' lang='lat' dir='ltr'>plane</span> <span class='ocrx_word' id='word_1_118' title='bbox 731 2326 891 2389; x_wconf 89' lang='lat' dir='ltr'>redderet</span> <span class='ocrx_word' id='word_1_119' title='bbox 921 2346 1177 2409; x_wconf 87' lang='lat' dir='ltr'>supervacuam.</span> <span class='ocrx_word' id='word_1_120' title='bbox 1213 2328 1282 2394; x_wconf 88' lang='lat' dir='ltr'>Sed</span> 
     </span>
     <span class='ocr_line' id='line_1_17' title="bbox 99 2443 1282 2522; baseline 0.007 -19"><span class='ocrx_word' id='word_1_121' title='bbox 99 2443 303 2507; x_wconf 84' lang='lat' dir='ltr'>confidenter</span> <span class='ocrx_word' id='word_1_122' title='bbox 332 2443 422 2507; x_wconf 90' lang='lat' dir='ltr'>istud</span> <span class='ocrx_word' id='word_1_123' title='bbox 454 2445 599 2508; x_wconf 87' lang='lat' dir='ltr'>armatis</span> <span class='ocrx_word' id='word_1_124' title='bbox 628 2444 822 2520; x_wconf 89' lang='lat' dir='ltr'>abiicimus;</span> <span class='ocrx_word' id='word_1_125' title='bbox 855 2445 995 2508; x_wconf 89' lang='lat' dir='ltr'>omnino</span> <span class='ocrx_word' id='word_1_126' title='bbox 1028 2447 1128 2522; x_wconf 93' lang='lat' dir='ltr'>enim,</span> <span class='ocrx_word' id='word_1_127' title='bbox 1154 2449 1282 2511; x_wconf 91' lang='lat' dir='ltr'>utiam</span> 
     </span>
     <span class='ocr_line' id='line_1_18' title="bbox 99 2563 1281 2646; baseline 0.005 -22"><span class='ocrx_word' id='word_1_128' title='bbox 99 2563 258 2639; x_wconf 91' lang='lat' dir='ltr'>dicebam,</span> <span class='ocrx_word' id='word_1_129' title='bbox 283 2565 346 2627; x_wconf 90' lang='lat' dir='ltr'>hae</span> <span class='ocrx_word' id='word_1_130' title='bbox 366 2564 511 2646; x_wconf 86' lang='lat' dir='ltr'>paginae</span> <span class='ocrx_word' id='word_1_131' title='bbox 531 2564 584 2627; x_wconf 91' lang='lat' dir='ltr'>isti</span> <span class='ocrx_word' id='word_1_132' title='bbox 605 2564 791 2627; x_wconf 89' lang='lat' dir='ltr'>annotandi</span> <span class='ocrx_word' id='word_1_133' title='bbox 812 2565 925 2627; x_wconf 94' lang='lat' dir='ltr'>studio</span> <span class='ocrx_word' id='word_1_134' title='bbox 945 2565 1115 2629; x_wconf 87' lang='lat' dir='ltr'>obnoxiae</span> <span class='ocrx_word' id='word_1_135' title='bbox 1136 2565 1281 2630; x_wconf 87' lang='lat' dir='ltr'>luerunt.</span> 
     </span>
     <span class='ocr_line' id='line_1_19' title="bbox 99 2680 1282 2767; baseline 0.007 -25"><span class='ocrx_word' id='word_1_136' title='bbox 99 2680 247 2764; x_wconf 90' lang='lat' dir='ltr'>Denique</span> <span class='ocrx_word' id='word_1_137' title='bbox 270 2682 355 2746; x_wconf 90' lang='lat' dir='ltr'>haec</span> <span class='ocrx_word' id='word_1_138' title='bbox 379 2703 515 2765; x_wconf 89' lang='lat' dir='ltr'>quoque</span> <span class='ocrx_word' id='word_1_139' title='bbox 539 2684 672 2746; x_wconf 89' lang='lat' dir='ltr'>accedit</span> <span class='ocrx_word' id='word_1_140' title='bbox 692 2703 793 2746; x_wconf 89' lang='lat' dir='ltr'>causa</span> <span class='ocrx_word' id='word_1_141' title='bbox 814 2684 952 2746; x_wconf 91' lang='lat' dir='ltr'>minime</span> <span class='ocrx_word' id='word_1_142' title='bbox 972 2682 1066 2760; x_wconf 88' lang='lat' dir='ltr'>levis,</span> <span class='ocrx_word' id='word_1_143' title='bbox 1087 2687 1190 2767; x_wconf 91' lang='lat' dir='ltr'>quod,</span> <span class='ocrx_word' id='word_1_144' title='bbox 1210 2687 1282 2750; x_wconf 90' lang='lat' dir='ltr'>sive</span> 
     </span>
     <span class='ocr_line' id='line_1_20' title="bbox 97 2800 1282 2886; baseline 0.007 -26"><span class='ocrx_word' id='word_1_145' title='bbox 97 2800 248 2864; x_wconf 91' lang='lat' dir='ltr'>adiectivi</span> <span class='ocrx_word' id='word_1_146' title='bbox 280 2802 352 2864; x_wconf 89' lang='lat' dir='ltr'>sive</span> <span class='ocrx_word' id='word_1_147' title='bbox 376 2802 579 2866; x_wconf 91' lang='lat' dir='ltr'>substantivi</span> <span class='ocrx_word' id='word_1_148' title='bbox 603 2803 712 2866; x_wconf 89' lang='lat' dir='ltr'>vicem</span> <span class='ocrx_word' id='word_1_149' title='bbox 737 2803 877 2886; x_wconf 91' lang='lat' dir='ltr'>implere</span> <span class='ocrx_word' id='word_1_150' title='bbox 903 2824 1023 2867; x_wconf 90' lang='lat' dir='ltr'>vocem</span> <span class='ocrx_word' id='word_1_151' title='bbox 1046 2807 1192 2870; x_wconf 84' lang='lat' dir='ltr'>armatis</span> <span class='ocrx_word' id='word_1_152' title='bbox 1214 2815 1282 2869; x_wconf 87' lang='lat' dir='ltr'>sta·</span> 
     </span>
     <span class='ocr_line' id='line_1_21' title="bbox 97 2922 1281 3005; baseline 0.005 -22"><span class='ocrx_word' id='word_1_153' title='bbox 97 2929 234 2998; x_wconf 89' lang='lat' dir='ltr'>tuamus,</span> <span class='ocrx_word' id='word_1_154' title='bbox 260 2930 370 2985; x_wconf 91' lang='lat' dir='ltr'>totum</span> <span class='ocrx_word' id='word_1_155' title='bbox 395 2922 477 2986; x_wconf 92' lang='lat' dir='ltr'>illud</span> <span class='ocrx_word' id='word_1_156' title='bbox 496 2923 756 2987; x_wconf 78' lang='lat' dir='ltr'>descendentibus</span> <span class='ocrx_word' id='word_1_157' title='bbox 774 2925 832 3005; x_wconf 87' lang='lat' dir='ltr'>qui</span> <span class='ocrx_word' id='word_1_158' title='bbox 850 2922 1008 2988; x_wconf 85' lang='lat' dir='ltr'>Sabinum</span> <span class='ocrx_word' id='word_1_159' title='bbox 1028 2927 1281 3002; x_wconf 84' lang='lat' dir='ltr'>comitabantur,</span> 
     </span>
     <span class='ocr_line' id='line_1_22' title="bbox 96 3042 950 3106; baseline 0.005 -4"><span class='ocrx_word' id='word_1_160' title='bbox 96 3043 235 3105; x_wconf 83' lang='lat' dir='ltr'>armatis</span> <span class='ocrx_word' id='word_1_161' title='bbox 258 3042 473 3106; x_wconf 91' lang='lat' dir='ltr'>durissimum</span> <span class='ocrx_word' id='word_1_162' title='bbox 497 3050 531 3105; x_wconf 91' lang='lat' dir='ltr'>et</span> <span class='ocrx_word' id='word_1_163' title='bbox 556 3044 614 3106; x_wconf 87' lang='lat' dir='ltr'>vix</span> <span class='ocrx_word' id='word_1_164' title='bbox 637 3042 780 3106; x_wconf 88' lang='lat' dir='ltr'>latinum</span> <span class='ocrx_word' id='word_1_165' title='bbox 805 3043 950 3106; x_wconf 90' lang='lat' dir='ltr'>videtur.</span> 
     </span>
    </p>

    <p class='ocr_par' dir='ltr' id='par_1_6' title="bbox 96 3159 1282 3367">
     <span class='ocr_line' id='line_1_23' title="bbox 139 3159 1282 3244; baseline 0.005 -22"><span class='ocrx_word' id='word_1_166' title='bbox 139 3159 179 3222; x_wconf 92' lang='lat' dir='ltr'>H.</span> <span class='ocrx_word' id='word_1_167' title='bbox 205 3160 266 3236; x_wconf 88' lang='lat' dir='ltr'>IV,</span> <span class='ocrx_word' id='word_1_168' title='bbox 296 3176 344 3223; x_wconf 86' lang='lat'>12.</span> <span class='ocrx_word' id='word_1_169' title='bbox 378 3161 561 3244; x_wconf 89' lang='lat' dir='ltr'>Postquam</span> <span class='ocrx_word' id='word_1_170' title='bbox 586 3169 758 3224; x_wconf 91' lang='lat' dir='ltr'>narratum</span> <span class='ocrx_word' id='word_1_171' title='bbox 782 3170 834 3225; x_wconf 92' lang='lat' dir='ltr'>est</span> <span class='ocrx_word' id='word_1_172' title='bbox 859 3162 978 3226; x_wconf 91' lang='lat' dir='ltr'>Batavi</span> <span class='ocrx_word' id='word_1_173' title='bbox 1003 3165 1092 3228; x_wconf 89' lang='lat' dir='ltr'>unde</span> <span class='ocrx_word' id='word_1_174' title='bbox 1117 3165 1282 3242; x_wconf 90' lang='lat' dir='ltr'>venerint,</span> 
     </span>
     <span class='ocr_line' id='line_1_24' title="bbox 96 3280 1260 3367; baseline 0.006 -26"><span class='ocrx_word' id='word_1_175' title='bbox 96 3297 150 3342; x_wconf 88' lang='lat' dir='ltr'>cur</span> <span class='ocrx_word' id='word_1_176' title='bbox 173 3281 317 3362; x_wconf 90' lang='lat' dir='ltr'>patriam</span> <span class='ocrx_word' id='word_1_177' title='bbox 342 3280 550 3363; x_wconf 89' lang='lat' dir='ltr'>reliquerint,</span> <span class='ocrx_word' id='word_1_178' title='bbox 575 3301 643 3364; x_wconf 91' lang='lat' dir='ltr'>quo</span> <span class='ocrx_word' id='word_1_179' title='bbox 666 3281 743 3344; x_wconf 94' lang='lat' dir='ltr'>loco</span> <span class='ocrx_word' id='word_1_180' title='bbox 767 3283 994 3358; x_wconf 88' lang='lat' dir='ltr'>consederint,</span> <span class='ocrx_word' id='word_1_181' title='bbox 1017 3284 1065 3347; x_wconf 90' lang='lat' dir='ltr'>sic</span> <span class='ocrx_word' id='word_1_182' title='bbox 1090 3285 1260 3367; x_wconf 86' lang='lat' dir='ltr'>pergitur:</span> 
     </span>
    </p>

    <p class='ocr_par' dir='ltr' id='par_1_7' title="bbox 93 3398 1283 3957">
     <span class='ocr_line' id='line_1_25' title="bbox 139 3398 1283 3481; baseline 0.008 -21"><span class='ocrx_word' id='word_1_183' title='bbox 139 3398 229 3478; x_wconf 89' lang='lat' dir='ltr'>,Nec</span> <span class='ocrx_word' id='word_1_184' title='bbox 265 3399 388 3481; x_wconf 92' lang='lat' dir='ltr'>opibus</span> <span class='ocrx_word' id='word_1_185' title='bbox 424 3400 587 3463; x_wconf 90' lang='lat' dir='ltr'>Romanis</span> <span class='ocrx_word' id='word_1_186' title='bbox 622 3402 785 3465; x_wconf 90' lang='lat' dir='ltr'>societate</span> <span class='ocrx_word' id='word_1_187' title='bbox 817 3402 1019 3467; x_wconf 91' lang='lat' dir='ltr'>validiorum</span> <span class='ocrx_word' id='word_1_188' title='bbox 1053 3406 1160 3469; x_wconf 90' lang='lat' dir='ltr'>attriti</span> <span class='ocrx_word' id='word_1_189' title='bbox 1192 3407 1283 3469; x_wconf 91' lang='lat' dir='ltr'>viros</span> 
     </span>
     <span class='ocr_line' id='line_1_26' title="bbox 94 3519 1282 3601; baseline 0.007 -21"><span class='ocrx_word' id='word_1_190' title='bbox 94 3525 221 3581; x_wconf 91' lang='lat' dir='ltr'>tantum</span> <span class='ocrx_word' id='word_1_191' title='bbox 245 3537 406 3600; x_wconf 90' lang='lat' dir='ltr'>armaque</span> <span class='ocrx_word' id='word_1_192' title='bbox 430 3519 573 3601; x_wconf 88' lang='lat' dir='ltr'>imperio</span> <span class='ocrx_word' id='word_1_193' title='bbox 598 3521 845 3596; x_wconf 90' lang='lat' dir='ltr'>ministrabant,</span> <span class='ocrx_word' id='word_1_194' title='bbox 868 3522 927 3584; x_wconf 92' lang='lat' dir='ltr'>diu</span> <span class='ocrx_word' id='word_1_195' title='bbox 952 3520 1161 3586; x_wconf 90' lang='lat' dir='ltr'>Germanicis</span> <span class='ocrx_word' id='word_1_196' title='bbox 1185 3525 1282 3588; x_wconf 88' lang='lat' dir='ltr'>bellis</span> 
     </span>
     <span class='ocr_line' id='line_1_27' title="bbox 95 3639 1281 3724; baseline 0.009 -25"><span class='ocrx_word' id='word_1_197' title='bbox 95 3639 238 3713; x_wconf 89' lang='lat' dir='ltr'>exerciti,</span> <span class='ocrx_word' id='word_1_198' title='bbox 272 3658 353 3702; x_wconf 88' lang='lat' dir='ltr'>mox</span> <span class='ocrx_word' id='word_1_199' title='bbox 383 3648 484 3703; x_wconf 90' lang='lat' dir='ltr'>aucta</span> <span class='ocrx_word' id='word_1_200' title='bbox 513 3661 574 3723; x_wconf 92' lang='lat' dir='ltr'>per</span> <span class='ocrx_word' id='word_1_201' title='bbox 599 3641 807 3704; x_wconf 89' lang='lat' dir='ltr'>Britanniam</span> <span class='ocrx_word' id='word_1_202' title='bbox 833 3641 951 3724; x_wconf 86' lang='lat' dir='ltr'>gloria,</span> <span class='ocrx_word' id='word_1_203' title='bbox 975 3645 1179 3708; x_wconf 91' lang='lat' dir='ltr'>transmissis</span> <span class='ocrx_word' id='word_1_204' title='bbox 1204 3646 1281 3710; x_wconf 92' lang='lat' dir='ltr'>illuc</span> 
     </span>
     <span class='ocr_line' id='line_1_28' title="bbox 93 3757 1281 3844; baseline 0.009 -25"><span class='ocrx_word' id='word_1_205' title='bbox 93 3757 284 3821; x_wconf 87' lang='lat' dir='ltr'>cohortibus</span> <span class='ocrx_word' id='word_1_206' title='bbox 315 3779 399 3840; x_wconf 89' lang='lat' dir='ltr'>quas</span> <span class='ocrx_word' id='word_1_207' title='bbox 430 3768 544 3822; x_wconf 89' lang='lat' dir='ltr'>vetere</span> <span class='ocrx_word' id='word_1_208' title='bbox 576 3760 731 3823; x_wconf 90' lang='lat' dir='ltr'>instituto</span> <span class='ocrx_word' id='word_1_209' title='bbox 763 3759 961 3822; x_wconf 88' lang='lat' dir='ltr'>nobilissimi</span> <span class='ocrx_word' id='word_1_210' title='bbox 993 3762 1207 3844; x_wconf 91' lang='lat' dir='ltr'>popularium</span> <span class='ocrx_word' id='word_1_211' title='bbox 1232 3786 1281 3830; x_wconf 89' lang='lat' dir='ltr'>re-</span> 
     </span>
     <span class='ocr_line' id='line_1_29' title="bbox 94 3877 248 3957; baseline 0.019 -19"><span class='ocrx_word' id='word_1_212' title='bbox 94 3877 248 3957; x_wconf 75' lang='lat' dir='ltr'>gabant.’&#39;</span> 
     </span>
    </p>

    <p class='ocr_par' dir='ltr' id='par_1_8' title="bbox 91 3996 1280 4564">
     <span class='ocr_line' id='line_1_30' title="bbox 135 3996 1279 4086; baseline 0.007 -27"><span class='ocrx_word' id='word_1_213' title='bbox 135 3996 200 4059; x_wconf 89' lang='lat' dir='ltr'>Hic</span> <span class='ocrx_word' id='word_1_214' title='bbox 230 4005 322 4061; x_wconf 91' lang='lat' dir='ltr'>recte</span> <span class='ocrx_word' id='word_1_215' title='bbox 353 4017 430 4060; x_wconf 93' lang='lat' dir='ltr'>cum</span> <span class='ocrx_word' id='word_1_216' title='bbox 456 3998 610 4061; x_wconf 93' lang='lat' dir='ltr'>Wurmio</span> <span class='ocrx_word' id='word_1_217' title='bbox 635 3996 872 4062; x_wconf 87' lang='lat' dir='ltr'>ministrabant</span> <span class='ocrx_word' id='word_1_218' title='bbox 894 4019 956 4081; x_wconf 91' lang='lat' dir='ltr'>pro</span> <span class='ocrx_word' id='word_1_219' title='bbox 980 4000 1176 4066; x_wconf 86' lang='lat' dir='ltr'>ministrant</span> <span class='ocrx_word' id='word_1_220' title='bbox 1198 4004 1279 4086; x_wconf 84' lang='lat' dir='ltr'>legi-</span> 
     </span>
     <span class='ocr_line' id='line_1_31' title="bbox 93 4117 1280 4201; baseline 0.007 -24"><span class='ocrx_word' id='word_1_221' title='bbox 93 4121 158 4178; x_wconf 89' lang='lat' dir='ltr'>tur:</span> <span class='ocrx_word' id='word_1_222' title='bbox 191 4124 365 4180; x_wconf 90' lang='lat' dir='ltr'>enarratur</span> <span class='ocrx_word' id='word_1_223' title='bbox 396 4117 487 4180; x_wconf 90' lang='lat' dir='ltr'>enim</span> <span class='ocrx_word' id='word_1_224' title='bbox 511 4118 679 4194; x_wconf 91' lang='lat' dir='ltr'>condicio,</span> <span class='ocrx_word' id='word_1_225' title='bbox 704 4139 772 4201; x_wconf 89' lang='lat' dir='ltr'>qua</span> <span class='ocrx_word' id='word_1_226' title='bbox 795 4126 875 4181; x_wconf 92' lang='lat' dir='ltr'>ante</span> <span class='ocrx_word' id='word_1_227' title='bbox 899 4118 1026 4183; x_wconf 90' lang='lat' dir='ltr'>bellum</span> <span class='ocrx_word' id='word_1_228' title='bbox 1050 4119 1172 4184; x_wconf 85' lang='lat' dir='ltr'>luerint</span> <span class='ocrx_word' id='word_1_229' title='bbox 1197 4121 1280 4186; x_wconf 91' lang='lat' dir='ltr'>Ger·</span> 
     </span>
     <span class='ocr_line' id='line_1_32' title="bbox 93 4233 1277 4320; baseline 0.005 -23"><span class='ocrx_word' id='word_1_230' title='bbox 93 4235 188 4298; x_wconf 90' lang='lat' dir='ltr'>mani.</span> <span class='ocrx_word' id='word_1_231' title='bbox 220 4233 342 4298; x_wconf 89' lang='lat' dir='ltr'>Cetera</span> <span class='ocrx_word' id='word_1_232' title='bbox 372 4237 406 4299; x_wconf 93' lang='lat' dir='ltr'>in</span> <span class='ocrx_word' id='word_1_233' title='bbox 438 4236 606 4320; x_wconf 82' lang='lat' dir='ltr'>integrum</span> <span class='ocrx_word' id='word_1_234' title='bbox 632 4240 785 4302; x_wconf 90' lang='lat' dir='ltr'>nondum</span> <span class='ocrx_word' id='word_1_235' title='bbox 809 4238 965 4302; x_wconf 92' lang='lat' dir='ltr'>restituta</span> <span class='ocrx_word' id='word_1_236' title='bbox 988 4240 1154 4303; x_wconf 90' lang='lat' dir='ltr'>videntur.</span> <span class='ocrx_word' id='word_1_237' title='bbox 1188 4241 1277 4304; x_wconf 91' lang='lat' dir='ltr'>Nam</span> 
     </span>
     <span class='ocr_line' id='line_1_33' title="bbox 93 4355 1278 4442; baseline 0.006 -25"><span class='ocrx_word' id='word_1_238' title='bbox 93 4373 197 4437; x_wconf 88' lang='lat' dir='ltr'>neque</span> <span class='ocrx_word' id='word_1_239' title='bbox 228 4355 406 4438; x_wconf 90' lang='lat' dir='ltr'>quisquam</span> <span class='ocrx_word' id='word_1_240' title='bbox 438 4376 525 4438; x_wconf 91' lang='lat' dir='ltr'>quae</span> <span class='ocrx_word' id='word_1_241' title='bbox 550 4357 636 4419; x_wconf 89' lang='lat' dir='ltr'>ratio</span> <span class='ocrx_word' id='word_1_242' title='bbox 660 4356 850 4420; x_wconf 90' lang='lat' dir='ltr'>intercedat</span> <span class='ocrx_word' id='word_1_243' title='bbox 875 4358 962 4421; x_wconf 89' lang='lat' dir='ltr'>inter</span> <span class='ocrx_word' id='word_1_244' title='bbox 985 4359 1097 4442; x_wconf 84' lang='lat' dir='ltr'>opibus</span> <span class='ocrx_word' id='word_1_245' title='bbox 1119 4360 1278 4424; x_wconf 87' lang='lat' dir='ltr'>Romanis</span> 
     </span>
     <span class='ocr_line' id='line_1_34' title="bbox 91 4475 1277 4564; baseline 0.008 -29"><span class='ocrx_word' id='word_1_246' title='bbox 91 4483 123 4536; x_wconf 86' lang='lat' dir='ltr'>et</span> <span class='ocrx_word' id='word_1_247' title='bbox 145 4475 294 4538; x_wconf 85' lang='lat' dir='ltr'>societate</span> <span class='ocrx_word' id='word_1_248' title='bbox 315 4475 519 4541; x_wconf 84' lang='lat' dir='ltr'>validiorum</span> <span class='ocrx_word' id='word_1_249' title='bbox 543 4477 647 4552; x_wconf 89' lang='lat' dir='ltr'>videt,</span> <span class='ocrx_word' id='word_1_250' title='bbox 672 4495 782 4558; x_wconf 92' lang='lat' dir='ltr'>neque</span> <span class='ocrx_word' id='word_1_251' title='bbox 807 4480 981 4558; x_wconf 92' lang='lat' dir='ltr'>quomodo</span> <span class='ocrx_word' id='word_1_252' title='bbox 1005 4481 1144 4544; x_wconf 90' lang='lat' dir='ltr'>omnino</span> <span class='ocrx_word' id='word_1_253' title='bbox 1165 4481 1277 4564; x_wconf 78' lang='lat' dir='ltr'>opibus</span> 
     </span>
    </p>
   </div>
   <div class='ocr_carea' id='block_1_5' title="bbox 0 0 1618 5236">
    <p class='ocr_par' dir='ltr' id='par_1_9' title="bbox 0 0 1618 5236">
     <span class='ocr_line' id='line_1_35' title="bbox 0 0 1618 5236; baseline 0 4"><span class='ocrx_word' id='word_1_254' title='bbox 0 0 1618 5236; x_wconf 95' lang='lat' dir='ltr'> </span> 
     </span>
    </p>
   </div>
  </div>
 </body>
</html>
