3228 5236
692 472 758 537 233

170 635 285 700 Sicine
305 657 324 699 a
344 636 467 723 Tacito
488 636 651 718 scriptum
665 644 841 717 putemus:
860 636 925 698 “ita
938 635 1210 718 quattuordecim
1224 635 1320 697 annis

119 777 141 819 a
178 757 316 819 Nerone
345 753 594 818 assuefactos”i
619 755 704 818 Mihi
729 764 787 819 aut
811 755 1051 819 absurdissima
1074 755 1139 818 ista
1162 754 1320 817 videntur

120 885 185 939 aut
218 878 335 958 inepte
368 876 522 939 verbosa.
553 875 691 939 Etenim
715 884 772 939 aut
796 877 848 938 bis
867 876 922 938 hic
947 876 1037 939 idem
1062 876 1226 957 temporis
1245 895 1320 956 spa·

120 998 213 1060 tium
249 996 429 1072 indicatur,
464 1005 531 1071 aut,
564 998 591 1059 si
617 997 649 1059 in
676 997 787 1059 verbis
810 1018 832 1059 a
855 996 988 1060 Nerone
1011 996 1198 1078 quidquam
1222 995 1318 1069 inest,

122 1116 222 1198 quod
251 1136 319 1178 non
344 1116 445 1178 sitin
470 1115 582 1178 verbis
605 1116 864 1197 quattuordecim
885 1117 992 1190 annis,
1017 1114 1120 1178 homo
1144 1113 1198 1177 hic
1224 1114 1321 1176 nobis

124 1236 332 1300 describitur
363 1236 437 1318 ipso
469 1236 606 1298 Nerone
638 1235 745 1298 multo
776 1235 934 1298 insanior.
966 1234 1054 1297 Tum
1086 1235 1224 1297 demum
1255 1234 1321 1296 “ita

123 1355 403 1438 quattuordecim
435 1356 532 1417 annis
563 1375 582 1417 a
612 1355 748 1417 Nerone
780 1354 1007 1418 assuefactos’'
1039 1362 1130 1417 recte
1154 1353 1268 1428 habet,
1293 1353 1320 1416 si

126 1475 305 1540 Neronem
330 1475 488 1557 fingimus
511 1495 572 1557 per
594 1475 868 1556 quattuordecim
892 1494 1000 1538 annos
1019 1475 1095 1538 leue'c
1118 1475 1170 1538 rei
1187 1484 1320 1555 operam

124 1595 256 1658 dedisse
290 1603 327 1657 ut
362 1595 465 1658 animi
502 1593 645 1657 militum
682 1603 987 1677 corrumperentur.
1023 1593 1124 1676 Quod
1159 1596 1320 1676 quoniam

126 1734 199 1777 non
220 1714 366 1777 voluisse
387 1714 545 1776 Tacitum
562 1722 706 1788 constat,
724 1714 813 1777 istud
827 1735 848 1776 a
860 1713 993 1778 Nerone
1004 1713 1109 1776 sciolo
1122 1713 1320 1777 reddemus:

124 1835 223 1916 quod
248 1834 389 1897 restabit
414 1854 492 1896 vere
516 1834 695 1898 Taciteum
718 1835 792 1897 erit.
823 1849 831 1862 ·

174 1954 219 2016 H.
252 1953 278 2028 I,
311 1970 363 2033 30.
395 1951 589 2028 Cohortem,
622 1973 709 2035 quae
741 1954 774 2016 in
807 1952 936 2017 Palatio
967 1954 1149 2016 stationem
1180 1954 1260 2036 agit,
1285 1961 1322 2016 ut

1 2069 2 2082 ¹
73 2112 91 2133 a
125 2074 211 2136 odio
235 2080 504 2155 contemptuque
529 2071 675 2136 Othonis
699 2071 849 2155 impleat,
870 2080 905 2135 et
924 2073 998 2135 aliis
1017 2071 1199 2155 alloquitur
1211 2073 1324 2135 verbis

124 2203 163 2256 et
190 2193 282 2255 hisce
306 2192 401 2255 Piso:

182 2311 328 2395 “Stupra
351 2333 439 2375 nunc
465 2321 499 2375 et
521 2313 778 2376 comissationes
801 2321 835 2375 et
860 2311 1059 2375 seminarum
1080 2319 1197 2375 coetus
1216 2312 1323 2376 volvit

129 2433 267 2496 animo:
301 2433 383 2495 haec
416 2433 624 2515 principatus
656 2433 806 2513 praemia
838 2439 945 2514 putat,
977 2451 1120 2513 quorum
1152 2431 1258 2494 libido
1286 2452 1326 2494 ac
1356 2435 1359 2447 '

129 2551 294 2634 voluptas
319 2573 424 2635 penes
448 2553 558 2635 ipsum
578 2553 632 2627 sit,
656 2552 758 2614 rubor
782 2559 816 2613 et
841 2551 989 2615 dedecus
1013 2571 1118 2633 penes
1141 2551 1293 2614 omnes.”

180 2670 370 2734 Pronomen
398 2672 477 2734 leaec
500 2679 558 2734 aut
580 2671 623 2733 ad
649 2671 888 2753 praecedentia
912 2671 1052 2754 (stupra,
1077 2671 1325 2746 comissationes,

128 2791 249 2872 coetus)
274 2789 388 2853 referri
413 2798 537 2872 potest,
561 2798 619 2852 aut
644 2826 687 2836 -
711 2797 745 2852 et
770 2791 817 2852 sic
839 2790 919 2853 mihi
941 2791 1078 2872 quidem
1103 2797 1176 2853 tota
1196 2790 1327 2853 Pisonis

128 2911 242 2974 oratio
262 2911 397 2992 gravior
417 2911 708 2994 ponderosiorque
728 2911 799 2974 fieri
816 2912 950 2974 videtur
963 2948 1005 2957 —
1019 2931 1108 2974 nova
1120 2910 1198 2974 hinc
1211 2920 1326 2994 potest

130 3029 283 3094 inchoari
303 3031 483 3094 sententia.
502 3029 569 3094 Sed
591 3031 662 3093 sive
683 3031 757 3105 hoc,
776 3030 846 3092 sive
860 3030 941 3094 illud
956 3030 1133 3107 malumus,
1146 3031 1325 3095 molestum

131 3149 233 3211 nobis
264 3158 315 3212 est
337 3151 391 3224 sit,
418 3169 486 3232 quo
510 3151 629 3211 vitium
654 3149 687 3210 in
713 3157 845 3211 textum
871 3150 1096 3214 introducitur
1119 3151 1324 3215 simillimum

133 3269 177 3344 ei,
203 3271 293 3350 quod
315 3271 419 3333 modo
440 3269 643 3332 notabamus
664 3269 744 3350 („ita
762 3273 1035 3352 quattuordecim
1048 3273 1145 3336 annis
1158 3293 1177 3336 a
1190 3274 1327 3337 Nerone

134 3389 389 3472 assuefactos”l.
415 3390 561 3453 Videtur
582 3390 671 3452 enim
694 3389 787 3453 Otho
807 3391 991 3454 insimulari
1005 3392 1096 3474 quod
1109 3393 1327 3457 deindustrr'a

135 3508 230 3572 illum
260 3509 412 3572 omnium
443 3509 601 3571 ruborem
630 3517 666 3571 et
697 3508 777 3572 illud
805 3512 956 3573 omnium
981 3512 1128 3573 dedecus
1153 3520 1327 3593 provocet.

134 3628 187 3692 At
211 3649 278 3691 non
304 3628 386 3691 illud
410 3628 482 3692 vult
507 3628 583 3691 Piso
607 3648 724 3691 verum
745 3629 826 3692 hoc:
853 3630 917 3709 „nil
938 3630 1000 3691 nisi
1021 3627 1214 3710 voluptates
1234 3628 1327 3693 Otho

134 3749 268 3830 appetit
277 3775 286 3823 ;
315 3756 427 3811 utrum
450 3747 614 3810 honestae
638 3747 714 3811 illae
738 3749 805 3810 sint
828 3768 870 3811 an
894 3756 1002 3810 totam
1028 3747 1201 3811 civitatem
1225 3749 1328 3811 dede·

134 3888 213 3930 core
238 3867 395 3943 afficiant,
420 3869 453 3931 id
479 3868 617 3931 minime
642 3866 768 3931 curat.'’
794 3868 1005 3930 Habebimus
1029 3867 1104 3942 hoc,
1129 3868 1155 3930 si
1173 3868 1219 3931 sit
1238 3868 1327 3931 dele·

136 3989 293 4051 verimus.

182 4106 292 4189 Saepe
324 4107 444 4170 vocula
473 4120 504 4171 et
527 4109 636 4170 invito
657 4106 778 4170 Tacito
798 4107 1000 4171 obtruditur.
1028 4107 1179 4171 Possitne
1202 4109 1328 4171 servari

137 4229 171 4290 in
205 4227 256 4290 his
289 4229 312 4302 1,
343 4245 402 4310 73:
439 4227 674 4311 „expostulata
705 4229 747 4290 ad
772 4227 974 4310 supplicium
1000 4227 1115 4292 Calvia
1140 4227 1330 4311 Crispinilla

139 4348 240 4411 variis
265 4346 536 4412 frustrationibus
566 4359 598 4410 et
627 4347 769 4410 adversa
794 4347 1034 4410 dissimulantis
1057 4347 1218 4430 principis
1242 4345 1330 4410 lama

140 4467 290 4552 periculo
322 4477 483 4550 exempta
513 4465 596 4542 est”,
628 4466 758 4541 dubito,
786 4468 845 4529 sed
870 4468 1018 4530 eximere
1043 4466 1142 4542 malo,
1168 4468 1329 4549 quoniam
