3266 5238
691 448 750 515 107

169 611 212 674 H.
239 611 300 684 III,
323 628 377 694 47.
400 610 524 686 Naves,
544 611 666 693 quibus
687 611 785 674 Ponti
806 611 942 674 accolae
962 619 1110 685 utuntur,
1131 611 1178 673 sic
1191 610 1316 673 des2ri-

124 731 267 794 buntur:

173 849 352 930 „Camaras
377 859 513 926 voeant,
538 851 619 914 artis
643 851 804 914 lateribus
827 850 932 913 latam
956 850 1069 913 alvum
1089 850 1161 912 sine
1180 849 1316 913 vinculo

123 969 212 1032 aeris
235 978 294 1033 aut
317 969 395 1032 ferri
418 989 603 1043 conexam;
628 979 663 1032 et
686 969 819 1033 tumido
840 970 933 1044 mari,
955 978 1056 1052 prout
1075 969 1196 1033 fluctus
1216 968 1316 1032 attol-

121 1088 214 1164 litur,
247 1109 378 1152 summa
407 1091 542 1153 navium
568 1089 692 1153 tabulis
715 1099 851 1172 augent,
876 1092 986 1153 donec
1011 1091 1044 1153 in
1070 1090 1210 1152 modum
1234 1089 1316 1151 tecti

121 1207 355 1272 claudantur”.

169 1329 272 1392 Haud
305 1329 408 1392 dubie
439 1329 667 1412 Nipperdeius
690 1349 809 1393 sanum
834 1329 945 1393 locum
970 1329 1119 1412 corrupit
1143 1348 1205 1411 pro
1228 1328 1317 1391 artis

121 1447 272 1528 legendo
306 1448 395 1512 altis.
433 1448 522 1511 Nam
558 1447 659 1532 paulo
695 1447 832 1529 quidem
869 1448 1043 1512 obscurius
1077 1448 1227 1530 loquitur
1260 1447 1315 1509 hic

122 1565 265 1628 Tacitus
295 1567 342 1648 (et
374 1565 443 1629 lere
474 1567 618 1630 dixerim
651 1568 766 1651 inepte
798 1587 875 1630 eum
907 1567 1022 1650 loqui),
1054 1568 1114 1630 sed
1147 1567 1227 1649 quid
1252 1565 1316 1628 sibi

122 1685 207 1748 velit
238 1695 354 1749 tamen
386 1706 448 1768 pro
475 1695 569 1750 certo
594 1687 761 1750 affirmare
783 1706 971 1769 possumus.
996 1686 1078 1749 Erat
1103 1685 1235 1748 illarum
1260 1705 1316 1747 na-

120 1805 218 1866 vium
248 1803 344 1867 alvus
373 1803 452 1880 lata,
483 1805 543 1868 sed
567 1805 831 1887 imponebantur
854 1805 931 1868 alvo
956 1803 1092 1868 tabulae
1117 1825 1245 1886 pronae
1269 1805 1318 1867 ita

119 1934 162 1988 ut
196 1925 344 2006 spatium
380 1925 471 2006 quod
509 1926 598 1988 inter
628 1926 787 1988 dexteras
817 1934 852 1987 et
883 1924 1033 1988 sinistras
1064 1933 1154 1988 esset
1184 1924 1317 1988 tabulas

119 2063 261 2125 semper
280 2043 376 2107 fieret
395 2045 587 2127 angustius;
608 2045 700 2126 quod
721 2045 830 2108 latera
851 2044 883 2127 (i.
898 2064 927 2106 e.
940 2043 1085 2127 tabulas)
1099 2065 1187 2108 nunc
1204 2045 1316 2126 „arta”

120 2165 238 2237 vocat,
270 2163 513 2226 subridiculum
544 2165 682 2246 quidem
714 2171 775 2238 est,
807 2164 867 2226 sed
899 2184 967 2246 quo
999 2183 1099 2228 sensu
1123 2164 1180 2228 illo
1205 2172 1318 2228 utatur

120 2282 298 2345 adiectivo
322 2283 489 2346 coniicere
513 2283 547 2345 in
568 2292 729 2366 promptu
750 2292 811 2345 est.
832 2282 980 2346 Tumido
1000 2291 1114 2347 autem
1135 2285 1229 2358 mari,
1248 2304 1316 2366 quo

122 2401 265 2464 altiores
289 2400 417 2464 fiebant
438 2399 559 2464 fluctus
579 2421 620 2464 eo
641 2401 752 2484 plures
771 2400 908 2465 tabulae
929 2401 1053 2465 tabulis
1065 2404 1320 2484 superimpone-

123 2521 253 2584 bantur
283 2529 318 2584 et
348 2522 496 2604 spatium
527 2520 609 2584 illud
641 2521 748 2602 magis
775 2521 949 2603 magisque
974 2521 1185 2602 coartabant,
1209 2522 1319 2584 donec

120 2641 266 2703 tandem
287 2639 470 2722 aliquando
489 2649 600 2703 totum
616 2640 787 2722 navigium
800 2648 975 2722 tamquam
989 2647 1081 2702 tecto
1095 2638 1317 2704 clauderetur.

120 2757 228 2841 Quod
259 2767 374 2822 autem
404 2779 561 2822 camaras
591 2759 786 2841 appositum
819 2757 923 2822 habet
946 2759 1059 2823 alvum
1083 2779 1259 2822 connexam
1283 2761 1317 2823 in

118 2898 166 2940 eo
190 2877 325 2941 molesti
349 2887 400 2941 est
424 2879 516 2940 nihil.

171 2998 215 3062 H.
240 2999 302 3074 111,
325 3018 379 3081 49.
412 2999 593 3073 Antonius,
626 2998 752 3062 bellum
785 3000 851 3062 iam
885 3007 1061 3082 peractum
1092 3007 1194 3075 ratus,
1223 3001 1315 3081 quod

120 3119 206 3182 boni
231 3119 275 3180 sit
299 3118 395 3181 ducis
418 3119 565 3181 officium
590 3118 816 3182 obliviscitur:

173 3246 299 3319 „utque
329 3236 466 3300 licentia
497 3237 638 3300 militem
670 3238 847 3313 imbueret,
872 3237 1126 3302 interfectorum
1150 3241 1317 3304 centurio·

121 3378 207 3421 num
231 3358 368 3422 ordines
392 3357 581 3440 legionibus
605 3357 790 3421 offerebat”
815 3360 835 3421 i.
849 3379 878 3422 e.
903 3379 981 3422 suos
1004 3359 1067 3422 sibi
1093 3359 1216 3442 eligere
1240 3381 1317 3424 cen-

119 3477 276 3540 turiones
300 3477 462 3560 permisit,
487 3479 776 3560 quemadmodum
801 3488 944 3562 apparet
968 3499 1011 3542 ex
1035 3479 1074 3542 iis
1093 3500 1180 3561 quae
1200 3481 1315 3542 statim

118 3606 328 3678 sequuntur:
364 3617 424 3677 „eo
455 3597 613 3680 suffragio
644 3596 893 3660 turbidissimus
921 3599 1063 3680 quisque
1087 3597 1227 3673 delecti;
1254 3619 1316 3662 nec

118 3718 221 3782 miles
252 3721 286 3782 in
318 3718 458 3782 arbitrio
489 3721 624 3794 ducum,
648 3720 708 3781 sed
733 3719 837 3781 duces
862 3719 997 3782 militari
1022 3717 1182 3780 violentia
1206 3716 1316 3780 trahe·

116 3838 280 3903 bantur”.
314 3837 493 3901 Vocabula
526 3838 663 3900 minime
694 3838 870 3919 ambigua;
903 3839 962 3900 sed
996 3857 1082 3919 quae
1107 3856 1195 3899 nunc
1218 3837 1315 3900 addit

115 3959 263 4022 Tacitus
283 3957 393 4019 minus
412 3965 569 4020 accurate
589 3954 761 4038 legentem
781 3957 912 4039 possint
930 3957 1090 4020 inducere
1103 3956 1136 4018 in
1150 3975 1313 4018 errorem:

119 4095 235 4158 „quae
254 4077 416 4140 seditiosa
436 4084 470 4138 et
490 4077 759 4158 corrumpendae
779 4075 978 4158 disciplinae
1000 4096 1080 4138 mox
1100 4076 1134 4137 in
1153 4074 1314 4157 praedam

115 4194 314 4260 vertebat”.
347 4195 426 4258 Noli
458 4204 577 4278 putare
609 4215 653 4257 ex
684 4197 759 4278 ipso
791 4195 849 4258 illo
873 4196 1072 4278 pravissimo
1097 4193 1247 4268 consili0,
1273 4195 1315 4256 de

116 4334 198 4399 quo
227 4315 391 4378 hactenus
421 4323 473 4377 est
504 4323 686 4389 narratum,
719 4314 801 4378 lucri
825 4315 951 4398 aliquid
976 4314 1181 4396 quaesivisse
1207 4313 1315 4375 Anto-

117 4437 233 4507 nium,
262 4434 340 4498 licet
373 4435 478 4498 verba
509 4435 543 4498 in
568 4434 733 4520 praedam
764 4436 913 4500 vertebat
935 4435 1044 4517 primo
1070 4442 1208 4517 aspectu
1234 4431 1315 4495 illud
