3258 5240
916 1468 959 1530 11.

388 1693 445 1756 Ad
464 1712 535 1755 rem
555 1712 657 1775 quarn
671 1693 863 1756 felicissimo
876 1693 1031 1755 acumine
1044 1691 1217 1774 perspexit
1231 1691 1534 1754 demonstrandam

343 1833 411 1875 uno
434 1821 568 1874 tantum
592 1812 816 1874 Woelfflinius
839 1812 903 1875 hoc
927 1798 1033 1875 utitur
1054 1820 1274 1893 argumento:

389 1930 585 1994 Plutarchus
617 1931 720 1994 latine
752 1933 868 2006 nescit,
897 1940 932 1994 et
954 1932 982 1994 si
1006 1931 1039 1993 in
1064 1932 1142 1994 vitis
1166 1929 1295 1994 Galbae
1318 1929 1535 2010 Othonisque

343 2049 470 2130 aliquid
495 2069 662 2131 perverse,
687 2051 800 2125 stulte,
823 2050 963 2113 ridicule
988 2059 1112 2131 narrat,
1135 2050 1331 2112 facillimum
1352 2058 1402 2112 est
1422 2049 1536 2111 Taciti

343 2169 510 2231 vocabula
533 2168 682 2231 indicare
706 2189 793 2251 quae
818 2170 851 2232 in
876 2190 1024 2233 errorem
1048 2190 1125 2233 eum
1149 2170 1365 2232 induxerunt.

388 2287 456 2352 Sed
488 2289 722 2370 exemplorum
748 2289 870 2371 quibus
894 2290 958 2352 hoc
983 2298 1220 2371 argumentum
1244 2287 1387 2350 illustret
1411 2306 1534 2367 magna

343 2407 550 2469 Woelfflinio
580 2408 614 2469 in
645 2417 805 2490 promptu
838 2417 888 2471 est
914 2409 1022 2490 copia.
1048 2408 1135 2473 Sunt
1158 2408 1377 2470 disertissima
1400 2406 1514 2468 omnia
1523 2431 1531 2480 ;

343 2527 411 2589 duo
442 2513 556 2589 tamen
589 2546 705 2589 eorum
736 2527 920 2590 maximam
952 2527 1034 2590 mihi
1065 2526 1192 2590 habere
1217 2526 1375 2589 videntur
1399 2544 1533 2607 persua·

342 2646 445 2708 dendi
470 2645 550 2708 virn.
576 2644 671 2727 Quae
695 2645 751 2709 illa
776 2647 844 2709 sint
868 2647 997 2709 dicam:

386 2763 490 2839 Oth0‚
521 2784 541 2826 a
572 2765 755 2827 coniuratis
787 2766 854 2828 suis
885 2774 1026 2828 vocatus
1058 2773 1094 2827 ut
1119 2784 1255 2827 secum
1280 2763 1400 2826 illisin
1425 2771 1535 2828 castra

341 2883 494 2946 conferat
525 2883 705 2966 praetoria,
738 2883 803 2946 hoc
835 2884 940 2947 utitur
969 2884 1148 2947 mendacio
1172 2903 1241 2965 quo
1264 2883 1414 2946 subitum
1437 2902 1535 2944 suum

341 3021 359 3064 e
392 3000 522 3064 Palatio
554 3002 715 3064 defendat
746 3003 940 3065 discessum.
974 3003 1126 3083 Rogatus
1157 3022 1177 3064 a
1209 3000 1316 3065 Galba
1348 3022 1407 3064 cur
1434 3002 1535 3064 abeat

341 3121 525 3202 respondet
556 3139 576 3181 a
606 3140 641 3182 se
673 3121 738 3183 emi
767 3121 869 3183 aedes
900 3128 1069 3183 vetustate
1100 3129 1284 3203 suspectas,
1317 3141 1405 3183 nunc
1430 3141 1465 3184 se
1489 3120 1533 3183 ab

339 3238 517 3301 architecto
541 3237 860 3321 redemptoribusque
882 3239 1072 3320 exspectari
1097 3239 1140 3320 (v.
1165 3239 1246 3301 Tac.
1271 3238 1315 3301 H.
1341 3239 1366 3314 Ι,
1392 3239 1456 3321 27).

385 3358 454 3420 Res
474 3365 526 3420 est
546 3377 648 3439 quarn
668 3359 816 3420 maxime
837 3359 1014 3439 perspicua
1034 3365 1069 3420 et
1089 3378 1107 3420 e
1128 3358 1199 3420 vita
1218 3368 1364 3442 sumpta.
1382 3357 1418 3422 Si
1430 3361 1533 3422 aedes

340 3485 476 3540 nostrae
507 3475 645 3558 aliquod
677 3477 812 3558 gravius
843 3486 1006 3560 ceperunt
1030 3478 1282 3552 detrimentum,
1308 3477 1531 3541 architectum

339 3596 552 3670 arcessimus;
574 3597 601 3659 is
619 3597 799 3678 quomodo·
809 3597 924 3659 sarciri
937 3597 1067 3678 possint
1080 3596 1296 3678 debeantque
1309 3598 1531 3662 demonstrat.

340 3716 428 3780 Turn
452 3725 566 3778 autem
591 3724 649 3779 aut
673 3715 764 3780 solus
788 3737 859 3780 rem
883 3726 991 3781 totam
1015 3738 1076 3780 suo
1100 3718 1251 3800 periculo
1275 3719 1309 3780 in
1333 3739 1369 3780 se
1392 3719 1536 3799 suscipit

339 3843 397 3897 aut
417 3855 503 3916 opus
522 3834 623 3908 locat,
645 3835 849 3917 redimitque
869 3836 951 3899 illud
972 3835 1172 3918 plerumque
1192 3835 1245 3899 vel
1265 3836 1361 3899 saber
1374 3837 1533 3920 lignarius

340 3952 393 4015 vel
414 3953 564 4035 lapidum
584 3962 740 4028 structor,
760 3955 819 4016 sed
842 3955 932 4036 prius
953 3974 1030 4016 cum
1051 3953 1124 4017 aliis
1143 3955 1293 4035 loquitur
1313 3953 1415 4016 fabris
1436 3974 1477 4017 ne
1499 3955 1532 4017 in

338 4073 521 4136 statuendo
545 4071 655 4153 pretio
675 4074 822 4154 graviter
843 4083 941 4137 erret.
962 4073 996 4136 A
1016 4082 1131 4136 nostra
1151 4083 1266 4136 autem
1287 4076 1532 4137 consuetudine

339 4213 391 4255 res
425 4211 527 4274 quarn
563 4190 657 4256 Otho
689 4191 786 4275 fingit
818 4193 938 4255 leviter
969 4201 1101 4256 tanturn
1133 4195 1320 4276 discrepat;
1354 4193 1409 4257 hic
1440 4195 1530 4257 enim

339 4311 461 4392 singuli
484 4310 570 4373 sabri
595 4320 724 4393 quanto
746 4333 807 4375 sua
830 4333 908 4394 pars
931 4321 1064 4375 constet
1089 4313 1273 4376 declarant.
1615 4389 1616 4398 ἵ

383 4428 472 4512 Quid
513 4450 595 4493 vero
637 4429 855 4494 Plutarchus?
897 4431 1070 4496 Othonem
1105 4430 1278 4494 simulasse
1313 4432 1396 4494 dicit
1429 4431 1531 4494 aedes
1615 4463 1616 4522 q
