3248 5230
15 637 16 640 =
103 617 144 660 ea
176 598 371 662 coniectura
401 617 490 661 nunc
521 596 720 680 plerumque
752 598 924 681 probatur.
967 597 1017 660 At
1049 616 1124 679 ego,
1156 605 1193 659 ut
1224 596 1291 658 iam

101 717 288 780 concedam
318 736 418 780 versa
440 716 528 802 fides
560 725 652 780 recte
684 717 751 780 dici
782 719 853 780 sive
878 738 939 800 pro
963 717 1122 798 eoquod
1146 715 1293 779 estsub÷

15 913 16 918 γ
100 857 199 900 versa
215 837 304 921 fides
325 837 395 899 sive
419 836 463 899 ad
487 837 746 919 significandum
770 839 902 901 animos
927 836 1071 901 militum
1092 836 1293 898 Vitelliano·

101 976 175 1020 rum
201 976 238 1019 se
261 957 467 1020 convertisse
491 957 534 1020 ad
560 956 820 1040 Vespasianum,
845 958 927 1040 quid
951 978 1041 1020 nunc
1065 957 1154 1020 istud
1183 958 1291 1039 ,apud

101 1074 326 1138 Vitellianos’'
350 1077 414 1140 sibi
437 1076 520 1140 velit
544 1097 636 1160 rogo.
659 1077 760 1140 Nulla
783 1079 874 1141 enim
894 1075 949 1139 hic
971 1076 1009 1139 fit
1030 1076 1212 1159 oppositi0,
1232 1075 1291 1138 sed

15 1239 16 1244 η
101 1202 136 1257 et
162 1195 343 1278 impunitas
367 1195 423 1258 illa
447 1204 481 1259 et
503 1197 661 1261 subversa
685 1196 741 1260 illa
766 1197 819 1260 vel
842 1217 999 1261 conversa
1015 1197 1105 1278 fides
1128 1196 1161 1258 in
1194 1194 1292 1260 Vitel-

101 1315 202 1378 lianis
233 1315 349 1377 castris
380 1335 474 1378 suam
504 1315 569 1379 sibi
600 1318 716 1380 sedem
748 1305 886 1380 habent.
919 1315 1183 1380 Pulcherrimam
1211 1335 1293 1379 vero

100 1433 316 1509 sententiam,
347 1434 442 1498 cuius
473 1436 626 1499 membra
652 1437 787 1518 egregie
811 1437 899 1498 inter
922 1457 957 1498 se
982 1443 1209 1519 opponantur,
1233 1435 1294 1497 ob

52 1615 57 1632 χ
101 1553 249 1616 tinemus
280 1574 341 1636 pro
371 1553 474 1619 verba
506 1554 652 1637 legendo
684 1575 752 1618 non
782 1575 882 1619 versa
904 1555 963 1618 sed
988 1555 1199 1618 correctione
1224 1574 1293 1617 non

101 1673 213 1736 minus
243 1671 321 1747 leni,
353 1672 494 1736 sortasse
518 1673 654 1737 leniori:
677 1685 785 1738 certa:
810 1674 972 1756 quamdiu
998 1676 1089 1756 apud
1115 1672 1293 1737 Vitellium

102 1792 265 1855 manebat
289 1792 394 1867 miles,
414 1794 553 1876 impune
573 1794 719 1875 quodvis
740 1793 903 1876 flagitium
923 1794 1137 1856 committere
1159 1801 1294 1876 poterat

102 1911 148 1993 (et
168 1912 345 1996 flagitium
378 1913 412 1975 in
436 1933 471 1975 re
497 1911 631 1975 militari
656 1912 737 1994 quid
762 1921 851 1976 esset
875 1914 1023 1976 diximus
1046 1932 1122 1995 pag.
1146 1912 1191 1975 66
1212 1912 1292 1995 sq),

101 2015 305 2112 simulatque
343 2030 509 2094 transibat
544 2030 587 2094 ad
620 2031 869 2114 Vespasianum
905 2039 1036 2094 certum
1072 2031 1102 2094 ei
1139 2038 1294 2114 paratum

102 2157 174 2213 erat
200 2149 397 2233 praemium.
425 2149 628 2243 Vitellianus
658 2171 739 2234 ergo
771 2150 867 2215 miles
897 2149 984 2213 male
1013 2170 1048 2213 se
1072 2151 1233 2232 gerendo,
1258 2157 1295 2212 ut

104 2289 164 2333 nos
193 2269 372 2351 loquimur,
408 2270 582 2350 ,amittere
614 2279 749 2353 poterat
780 2269 863 2334 nihil
894 2270 1015 2334 lucrari
1046 2268 1185 2333 multa.”
1221 2268 1294 2350 ,Ac

106 2389 272 2472 reliquum
304 2388 467 2474 perfidiae
499 2391 694 2454 certamen”
726 2392 864 2454 Tacitus
887 2391 995 2465 addit,
1021 2391 1041 2452 i.
1066 2411 1094 2452 e.
1119 2390 1297 2453 certabant

103 2528 187 2591 ergo
219 2510 307 2572 inter
338 2529 374 2572 se
405 2510 480 2592 quis
504 2531 571 2574 non
596 2511 764 2574 servando
787 2519 1000 2574 sacramento
1024 2531 1086 2573 suo
1110 2510 1295 2573 maximum

104 2636 193 2690 esset
217 2627 366 2692 facturus
388 2629 529 2693 lucrum.

151 2865 193 2929 H.
219 2866 281 2942 Ill,
304 2867 357 2948 63.
382 2867 570 2930 Transituri
598 2887 678 2950 ergo
703 2869 736 2930 in
761 2877 875 2951 partes
895 2867 1070 2932 Vitelliani
1091 2867 1215 2931 milites
1232 2867 1296 2929 sub

101 2987 205 3068 signis
239 2986 437 3068 vexillisque
469 2987 502 3050 in
535 3007 676 3070 campos
707 2989 854 3052 Narniae
878 2989 1049 3052 subiectos
1072 2988 1294 3062 descendunt,

104 3106 162 3169 ubi
186 3105 299 3170 densis
323 3107 498 3171 ordinibus
520 3115 612 3170 stant
638 3107 809 3171 Flaviani:

154 3225 320 3309 ,Accepti
345 3226 377 3288 in
403 3226 552 3290 medium
578 3226 753 3289 Vitelliani
774 3235 808 3289 et
829 3227 1055 3292 circumdatos
1077 3227 1205 3290 Primus
1225 3225 1297 3289 An·

105 3346 218 3408 tonius
249 3345 435 3409 clementer
458 3347 662 3428 adloquitur.
695 3347 774 3410 Pars
799 3348 956 3422 Narniae,
982 3369 1058 3430 pars
1082 3348 1296 3410 Interamnae

104 3465 287 3528 subsistere
318 3466 414 3542 iussi;
448 3465 585 3529 relictae
617 3467 716 3530 simul
739 3488 757 3530 e
782 3468 977 3531 victricibus
1000 3469 1160 3550 legiones,
1186 3487 1296 3548 neque

103 3585 358 3666 quiescentibus
381 3606 501 3668 graves
526 3594 561 3649 et
583 3588 744 3650 adversus
768 3589 1018 3652 contumaciam
1042 3586 1207 3651 validae.”

151 3705 251 3770 Haud
273 3706 375 3770 dubie
395 3707 536 3790 legiones
556 3716 751 3790 corruptum
773 3716 841 3784 est;
864 3729 930 3771 non
952 3709 1042 3772 enim
1065 3729 1205 3791 magnus
1225 3717 1297 3772 erat

103 3825 159 3889 ille
194 3827 375 3888 custodum
411 3847 584 3901 numerus,
620 3827 787 3908 siquidem
823 3828 957 3891 disertis
992 3829 1155 3892 docemur
1185 3828 1297 3891 verbis

102 3943 252 4025 sufficere
274 3964 343 4018 eos,
369 3943 451 4007 nihil
475 3945 628 4028 amplius
654 3946 697 4008 ad
722 3945 913 4020 dediticios,
934 3948 960 4010 si
980 3968 1067 4030 opus
1087 3955 1168 4022 erat,
1190 3948 1297 4011 conti·

106 4065 248 4126 nendos.
272 4062 318 4126 Et
342 4063 492 4145 ipsorum
517 4063 788 4140 Vitellianorum,
815 4065 871 4146 qui
896 4066 929 4128 in
951 4074 1064 4148 partes
1084 4066 1297 4139 transierant,

105 4203 134 4245 c.
167 4183 209 4266 67
242 4181 384 4264 legimus
419 4182 518 4245 fuisse
554 4205 653 4246 unam
689 4184 859 4266 legionem
894 4193 929 4247 et
963 4185 1093 4266 aliquot
1128 4183 1299 4246 cohortes.

107 4303 181 4365 Hos
205 4302 364 4385 pluribus
394 4301 583 4384 legionibus
614 4305 784 4367 custodire
817 4304 903 4367 velle
935 4304 1116 4367 absurdum
1147 4309 1208 4364 est.
1235 4301 1297 4363 Le·

105 4423 257 4505 gendum
297 4442 437 4485 censeo:
483 4422 639 4502 ,relictae
679 4423 778 4486 simul
819 4443 837 4485 e
879 4423 1073 4508 victricibus
1113 4421 1296 4506 legionibus
