3266 5238
899 424 959 470 122

329 584 469 660 Verum,
501 587 527 648 si
559 587 605 649 ita
637 607 688 649 res
711 607 747 650 se
772 588 900 664 habuit,
927 589 1101 671 quomodo
1124 590 1216 671 apud
1241 589 1405 653 inclusum
1431 590 1529 653 illum

329 703 506 788 Segestem
528 705 674 770 Arminii
696 729 780 771 uxor
800 729 872 772 esse
894 709 1042 792 potuerit
1063 710 1096 772 in
1118 709 1268 772 tenebris
1287 708 1380 772 latet.
1404 710 1529 792 Neque

330 827 394 890 hoc
427 827 537 890 minus
568 827 751 892 obscurum
775 830 832 912 qui
856 849 969 893 serino
993 829 1048 891 hic
1073 849 1145 891 esse
1171 828 1277 911 possit
1301 830 1345 892 de
1367 829 1533 892 deditione

331 948 371 1029 (c.
399 961 438 1029 57
463 947 504 1010 i.:
541 949 617 1030 „qui
649 957 722 1011 tum
754 949 788 1012 in
821 949 1032 1012 deditionem
1064 947 1270 1012 veniebant”
1301 957 1337 1011 et
1360 969 1390 1012 c.
1418 963 1459 1031 59
1484 949 1531 1014 in.

335 1067 443 1149 ,sama
467 1068 574 1142 dediti
597 1067 814 1150 benigneque
834 1069 970 1152 excepti
992 1067 1186 1152 Segestis”).
1200 1068 1357 1151 Denique
1371 1067 1533 1150 Segestes

332 1206 400 1250 non
433 1187 634 1251 beneficium
667 1208 687 1250 a
720 1187 883 1252 Romanis
915 1197 1094 1272 acceptum
1121 1190 1287 1270 agnoscit,
1312 1208 1379 1252 non
1403 1191 1531 1271 gratias

332 1306 371 1369 iis
389 1307 459 1389 agit
480 1307 571 1389 quod
594 1329 637 1371 ex
657 1307 771 1390 aliquo
791 1309 834 1371 sit
853 1329 987 1372 carcere
999 1308 1171 1384 liberatus,
1184 1310 1245 1372 sed
1258 1329 1293 1371 se
1306 1310 1349 1372 de
1363 1309 1530 1372 Romanis

332 1429 467 1510 egregie
498 1429 656 1491 meritum
688 1428 852 1511 gloriatur
876 1430 927 1493 his
950 1428 1063 1492 verbis
1087 1430 1127 1511 (c.
1155 1431 1225 1512 58):
1254 1448 1342 1510 ,non
1366 1429 1420 1492 hic
1445 1429 1527 1492 milri

332 1549 459 1631 primus
483 1569 563 1630 erga
585 1548 777 1613 Romanum
798 1548 877 1612 fidei
898 1557 933 1612 et
954 1549 1166 1612 constantiae
1186 1547 1292 1612 dies”.
1305 1547 1396 1631 Quid
1409 1567 1530 1611 revera

333 1670 483 1733 evenerit
508 1690 575 1733 non
601 1690 686 1753 opus
711 1678 822 1734 estut
847 1671 904 1733 diu
929 1690 1148 1753 quaeramus:
1174 1671 1349 1734 Romanus
1372 1670 1530 1752 scriptor,

335 1797 372 1852 ut
395 1789 467 1853 fieri
491 1789 587 1865 solet,
613 1791 841 1873 turpissimam
865 1811 935 1854 rem
960 1791 1122 1874 speciosis
1143 1789 1285 1863 involvit
1306 1789 1428 1852 verbis.
1451 1789 1531 1852 Non

335 1917 472 1991 ereptus
496 1920 547 1973 est
571 1909 729 1993 Segestes
753 1931 771 1973 e
796 1912 961 1994 custodia,
987 1931 1090 1994 quarn
1114 1912 1145 1974 ei
1169 1911 1441 1975 circumdederat
1465 1909 1533 1973 Ar-

336 2028 473 2103 minius,
517 2031 576 2093 sed
620 2030 761 2094 absente
802 2030 959 2094 Arminio
995 2051 1105 2113 neque
1140 2032 1328 2113 quidquam
1364 2029 1533 2092 eiusmodi

335 2158 519 2225 metuente,
554 2150 712 2233 Segestes
747 2152 878 2233 patriae
913 2171 1049 2215 causam
1085 2150 1198 2213 valido
1229 2157 1333 2231 atque
1364 2148 1533 2231 opulento

336 2270 462 2350 raptori
488 2271 615 2353 prodit,
648 2280 750 2352 atque
782 2291 922 2334 uxorem
954 2271 1101 2334 Arminii
1134 2290 1210 2332 curn
1244 2269 1414 2333 fidissimis
1441 2267 1533 2330 illius

334 2388 515 2452 comitibus
550 2390 583 2452 in
619 2391 855 2474 captivitatem
889 2391 994 2454 tradit
1026 2389 1239 2464 Germanico,
1271 2388 1325 2451 cui
1361 2387 1530 2470 „pretium

333 2509 396 2573 suit
419 2518 619 2573 convertere
642 2510 787 2592 agmen”
811 2518 849 2574 ut
872 2519 988 2574 tantae
1014 2509 1232 2592 turpitudinis
1256 2508 1528 2571 emolumenturn

335 2630 486 2694 haberet.
508 2631 557 2694 At
570 2631 709 2694 Tacitus
721 2632 886 2696 eiusmodi
900 2633 1028 2714 flagitia
1039 2630 1179 2715 pulchra
1191 2638 1334 2694 exornat
1347 2629 1460 2712 specie
1475 2677 1483 2690 .
1499 2678 1506 2691 .
1522 2677 1531 2690 .

336 2751 523 2814 dummodo
556 2753 623 2815 sint
646 2753 826 2816 commissa
849 2773 868 2816 a
893 2753 1106 2828 Germanico,
1131 2772 1199 2833 quo
1224 2751 1395 2814 neminem
1421 2750 1531 2832 magis

334 2869 439 2934 habet
462 2874 497 2935 in
520 2872 659 2937 deliciis.
684 2873 806 2936 Tacito
829 2881 967 2936 auctore
993 2893 1102 2954 neque
1126 2871 1270 2954 turpiter
1293 2889 1405 2952 neque
1425 2868 1530 2932 stulte

334 3011 434 3074 agere
467 2991 687 3056 Germanicus
718 2994 840 3076 potuit.
872 2993 927 3056 En
959 2993 1041 3076 quid
1072 2991 1115 3054 sit
1146 2992 1237 3072 „sine
1261 2992 1309 3053 ira
1333 2998 1367 3052 et
1391 2987 1530 3053 studio'’

335 3109 510 3174 historiam
535 3113 692 3180 scribere.

381 3230 542 3294 Eiusdem
575 3232 767 3296 Germanici
799 3232 1007 3316 praeclarum
1039 3231 1167 3294 scilicet
1197 3228 1374 3293 consilium
1403 3236 1439 3290 et
1460 3227 1530 3290 cal-

334 3350 441 3414 lidum
466 3352 640 3416 inventum
665 3353 866 3417 describitur
891 3351 934 3428 II,
960 3367 988 3433 5.
1011 3351 1059 3416 Ut
1080 3369 1190 3432 neque
1211 3348 1320 3430 longis
1340 3346 1530 3421 itineribus,

335 3493 422 3554 quae
448 3470 622 3536 Romanos
647 3472 770 3535 milites
793 3471 1049 3546 exhauriebant,
1073 3480 1107 3533 et
1126 3471 1199 3533 sine
1219 3488 1342 3550 magna
1361 3485 1530 3549 equorum

336 3595 444 3678 copia,
472 3593 595 3676 quibus
620 3594 848 3657 ministrandis
872 3594 939 3655 iarn
962 3591 1069 3654 iessae
1093 3598 1190 3653 erant
1213 3587 1352 3661 Galliae,
1375 3585 1531 3667 legiones

336 3737 438 3798 quam
470 3716 644 3779 celerrime
668 3715 701 3777 in
727 3714 874 3777 mediam
899 3713 1030 3795 possint
1054 3710 1193 3794 perduci
1218 3706 1445 3780 Germaniam,
1470 3725 1529 3767 na-

336 3839 434 3902 vibus
465 3858 522 3901 eas
553 3857 613 3920 per
645 3856 737 3899 mare
767 3835 810 3897 ad
844 3833 1018 3895 fluminum
1051 3851 1110 3895 ora
1140 3829 1264 3892 vehere
1292 3825 1455 3900 decrevit,
1480 3825 1530 3887 sic

340 3959 526 4040 ,integrum
558 3959 708 4041 equitem
733 3973 906 4037 equosque
930 3972 1011 4014 mox
1035 3950 1147 4013 media
1170 3949 1204 4011 in
1230 3945 1411 4011 Germania
1434 3943 1530 4006 sore”

337 4088 438 4144 ratus.
471 4077 581 4160 Quam
614 4079 733 4140 misere
766 4097 842 4139 eum
875 4094 953 4156 spes
980 4071 1135 4135 fefellerit
1159 4089 1201 4132 ne
1224 4067 1363 4130 Tacitus
1387 4064 1529 4146 quidem

336 4201 445 4264 celare
470 4206 594 4280 potest.
620 4197 672 4260 De
696 4197 770 4279 ipso
793 4194 934 4258 consilio
955 4193 1131 4256 videamus
1151 4185 1411 4266 Germanicique
1432 4183 1466 4244 in
1487 4203 1532 4245 eo

337 4317 532 4402 peragendo
554 4315 742 4398 prudentia.
766 4315 858 4378 Mille
879 4332 982 4377 naves
1002 4313 1045 4376 ad
1065 4329 1141 4373 eam
1162 4328 1233 4371 rem
1253 4303 1402 4370 construi
1423 4301 1531 4376 iubet,

337 4456 479 4524 quarum
511 4444 607 4500 erant
642 4435 772 4518 „plures
802 4433 968 4520 adpositis
995 4432 1164 4512 utrimque
1188 4423 1425 4514 gubernaculis
1449 4441 1534 4486 con·
