3248 5230
629 506 693 575 259

71 667 290 733 Scaevinus’':
315 671 395 734 dum
420 672 571 734 nondum
592 680 721 734 certum
741 678 813 734 erat
833 672 967 754 qualem
988 693 1023 735 se
1044 673 1256 756 praebiturus

72 799 155 853 esset
185 789 380 867 Scaevinus
412 789 588 854 fortiterne
620 792 902 874 interrogationes
933 801 1036 875 atque
1061 794 1164 856 etiam
1188 801 1255 856 tor-

72 917 182 972 menta
212 909 425 986 toleraturus,
450 931 492 972 an
518 909 730 974 confessurus
754 931 1038 994 communemque
1063 913 1256 995 proditurus

71 1047 211 1092 causam.

111 1267 155 1330 A.
179 1268 257 1344 XV,
283 1269 336 1350 63.
361 1268 414 1330 De
438 1266 589 1332 Senecae
615 1276 724 1330 morte
748 1276 782 1330 et
806 1269 871 1331 alia
895 1277 929 1331 et
953 1268 1038 1332 haec
1062 1268 1222 1351 legimus:

114 1387 327 1466 ,Novissimo
351 1408 488 1470 quoque
513 1395 688 1450 momento
711 1388 953 1470 suppeditante
974 1389 1178 1470 eloquentia,
1198 1390 1257 1452 ad·

70 1507 195 1570 vocatis
225 1507 446 1590 scriptoribus
477 1507 638 1589 pleraque
670 1507 819 1580 tradidit,
853 1527 940 1588 quae
963 1508 997 1570 in
1021 1509 1141 1590 vulgus
1165 1509 1257 1571 edita

71 1627 138 1689 eius
160 1627 272 1690 verbis
295 1628 463 1690 invertere
486 1625 725 1709 supersedeo.”

112 1746 205 1811 lstud
229 1748 298 1811 eius
319 1747 429 1811 verbis
448 1767 525 1810 cum
544 1747 632 1810 edita
652 1747 861 1828 iungendum
882 1767 954 1810 esse
975 1756 1091 1811 monet
1112 1749 1257 1832 Nipper-

71 1866 171 1941 deius,
195 1875 230 1930 et
255 1887 372 1931 revera
397 1886 438 1928 ne
464 1875 577 1949 potest
598 1867 735 1948 quidem
757 1885 833 1929 cum
854 1865 921 1929 ullo
941 1866 1008 1929 alio
1027 1868 1120 1949 iungi
1139 1868 1255 1944 verbo,

71 1987 147 2064 quin
180 1985 280 2068 plane
311 1986 354 2048 sit
384 1986 568 2048 absurdum
600 1993 634 2047 et
663 1993 785 2047 cuncta
810 1985 995 2067 perturbet.
1021 1986 1149 2049 Verum
1174 1987 1255 2068 quid

71 2105 130 2168 sibi
153 2107 235 2182 vult,
260 2107 287 2168 si
312 2107 378 2168 iam
402 2125 479 2168 curn
502 2106 590 2168 edita
613 2106 765 2169 iunctum
791 2103 862 2167 est?
887 2105 989 2168 Plane
1010 2126 1256 2188 supervacuum

72 2225 210 2288 videtur.
242 2226 370 2288 Annon
402 2245 455 2287 res
485 2225 559 2308 ipsa
587 2223 744 2306 loquitur,
770 2243 857 2306 quae
881 2245 901 2286 a
929 2224 1189 2306 „scriptoribus”
1214 2246 1257 2288 ex

71 2363 126 2408 ore
145 2345 294 2411 Senecae
313 2346 379 2408 sint
401 2353 555 2427 excepta,
577 2343 712 2406 Senecae
730 2343 839 2406 verbis
859 2344 892 2404 in
914 2343 1033 2425 vulgus
1053 2345 1145 2408 edita
1165 2343 1257 2407 esse?

72 2461 196 2543 Quodsi
220 2465 297 2546 quis
320 2472 435 2526 tamen
460 2463 656 2526 addendum
681 2463 846 2525 eiusmodi
870 2461 997 2545 aliquid
1022 2462 1122 2526 fuisse
1147 2473 1256 2546 putat,

72 2591 104 2643 ut
128 2591 215 2647 esset
237 2584 330 2665 quod
354 2581 396 2660 τῷ
421 2583 586 2646 invertere
609 2589 841 2664 opponeretur
863 2617 907 2626 -
931 2600 1044 2643 nonne
1069 2581 1123 2644 hic
1143 2583 1256 2645 dicen-

72 2701 147 2764 dum
182 2710 256 2766 erat
289 2703 394 2786 ἱρείας
420 2702 546 2776 verbis,
578 2701 681 2783 idque
713 2709 792 2763 ante
823 2700 911 2764 edita
942 2700 1161 2783 ponendum?
1194 2702 1256 2766 His

71 2823 240 2904 perpensis
275 2822 356 2885 mihi
389 2841 431 2884 ne
461 2821 581 2884 umbra
612 2821 750 2902 quidem
782 2827 887 2882 restat
920 2819 1142 2882 dubitationis
1173 2822 1255 2902 quin

70 2937 248 3023 legendum
279 2940 339 3002 sit:
375 2941 473 3020 „meis
496 2939 608 3002 verbis
632 2939 800 3001 invertere
825 2937 1064 3020 supersede0.”
1089 2937 1139 3003 Cf.
1163 2940 1255 3021 quod

69 3077 94 3120 c.
117 3061 159 3144 67
189 3060 302 3124 Subrii
334 3059 442 3122 Flavii
474 3077 637 3140 responso
668 3057 794 3119 tradito
826 3058 979 3121 additur:
1016 3058 1108 3141 ,ipsa
1137 3059 1252 3123 rettuli

70 3180 178 3256 verba,
199 3181 279 3262 quia
300 3200 379 3255 non,
403 3187 440 3242 ut
464 3177 624 3252 Senecae,
650 3176 787 3259 vulgata
811 3186 917 3252 erant,
942 3198 1005 3241 nec
1030 3180 1139 3242 minus
1163 3181 1256 3242 nosci

70 3299 211 3363 decebat
232 3299 384 3363 militaris
404 3299 465 3361 viri
485 3317 602 3360 sensus
623 3297 817 3378 incomptos
838 3306 871 3360 et
891 3297 1057 3374 validos”;
1071 3300 1144 3382 ipsa
1157 3301 1260 3364 retuli

70 3421 165 3484 verba
188 3421 208 3483 i.
230 3441 259 3483 e.
288 3439 375 3500 „non
401 3419 484 3480 meis
507 3416 620 3480 verbis
645 3417 741 3480 Flavi
766 3437 965 3500 responsum
989 3419 1145 3481 inverti.”

110 3541 233 3606 Statim
250 3549 327 3623 post
340 3540 421 3602 illud
436 3538 545 3601 Flavii
559 3557 756 3620 responsum
770 3538 942 3600 adduntur
955 3537 1038 3599 haec
1052 3539 1136 3620 (cap.
1151 3539 1257 3620 eod.):

113 3658 225 3742 ,Nihil
246 3659 279 3722 in
300 3658 357 3722 illa
377 3657 610 3721 coniuratione
630 3657 765 3738 gravius
785 3655 922 3718 auribus
936 3655 1081 3717 Neronis
1093 3657 1256 3718 accidisse

70 3781 228 3856 constitit,
260 3781 318 3862 qui
350 3787 386 3842 ut
411 3777 573 3841 faciendis
597 3775 778 3839 sceleribus
802 3783 989 3856 promptus,
1015 3776 1062 3837 ita
1085 3777 1255 3853 audiendi,

69 3921 151 3982 quae
177 3901 313 3976 faceret,
338 3900 485 3963 insolens
508 3895 613 3961 erat.”

110 4022 148 4085 in
181 4040 265 4084 voce
298 4041 331 4102 q.
352 4041 381 4082 e.
402 4021 538 4103 faceret
560 4013 795 4078 coniunctivus
819 4013 955 4095 probari
980 4015 1114 4096 nequit:
1140 4037 1256 4079 sensus

70 4143 154 4205 enim
188 4150 257 4205 est:
293 4159 485 4220 ,nunquam
518 4136 609 4198 Nero
642 4132 731 4194 facta
763 4151 822 4195 sua
846 4151 907 4194 suo
931 4133 1068 4196 nomine
1092 4133 1256 4216 appellari

69 4259 265 4336 audiebat'’;
291 4258 526 4342 imperfectum
551 4263 686 4335 tempus
709 4271 829 4333 parurn
853 4260 984 4316 rectum
1004 4253 1154 4329 videtur;
1177 4273 1254 4315 nam

70 4383 172 4446 multo
199 4381 304 4462 magis
328 4379 382 4442 hic
407 4397 517 4440 sermo
542 4383 593 4438 est
616 4374 659 4436 de
684 4373 723 4434 iis
746 4372 847 4435 rebus
871 4393 955 4455 quas
979 4375 1036 4438 diu
1060 4382 1139 4438 ante
1164 4373 1256 4436 Nero

70 4503 274 4588 perpetravit
306 4520 408 4583 quam
441 4500 483 4562 de
515 4497 554 4559 iis
586 4495 620 4559 in
653 4493 775 4576 quibus
806 4513 882 4556 cum
916 4495 1062 4556 maxime
1094 4501 1254 4557 versatur.
