3228 5236
889 441 950 508 ¹50

321 607 398 691 Qua
427 608 534 691 gloria
564 607 734 690 aequabat
764 629 800 672 se
831 608 985 673 Tiberius
1016 609 1133 691 priscis
1158 609 1429 691 imperatoribus,
1453 611 1512 692 qui

322 748 492 791 venenum
516 729 550 790 in
575 727 742 810 Pyrrhum
765 747 880 810 regem
904 737 1083 791 vetuerant
1107 728 1432 811 prodiderantque.”

367 847 440 910 Nisi
472 855 601 910 certum
632 848 781 910 stetisset
808 845 929 910 Tacito
953 847 1129 911 consilium
1154 867 1198 910 ex
1221 847 1379 911 omnibus
1403 845 1515 923 rebus,

321 968 425 1031 etiam
460 966 719 1042 absurdissimis,
756 967 918 1030 invidiam
953 968 987 1030 in
1018 965 1192 1030 Tiberium
1224 966 1406 1042 conflandi,
1438 988 1516 1050 pru-

322 1088 458 1150 dentius
489 1088 543 1150 hic
575 1087 720 1169 egisset,
739 1094 917 1168 totamque
942 1107 1012 1150 rem
1037 1086 1070 1149 in
1096 1087 1237 1151 dubium
1262 1095 1427 1151 vocasset.
1453 1087 1517 1149 Est

322 1207 413 1269 enim
436 1207 622 1270 admodum
646 1206 770 1270 insulsa
793 1207 988 1289 ineptaque.
1008 1206 1065 1270 An
1086 1208 1113 1269 si
1134 1207 1292 1290 princeps
1313 1206 1516 1271 Chattorum

323 1325 380 1389 illo
399 1327 502 1390 modo
518 1324 649 1409 Populo
664 1326 820 1390 Romano
834 1347 957 1389 navare
970 1347 1109 1408 operam
1122 1328 1260 1409 eiusque
1275 1327 1358 1389 inire
1370 1327 1515 1408 gratiam

323 1445 494 1529 cupiebat,
514 1445 649 1510 nullane
669 1446 734 1509 alia
755 1447 796 1509 ad
813 1446 1007 1509 Arminium
1021 1447 1162 1528 patebat
1175 1443 1250 1510 via?
1264 1445 1398 1521 Nonne,
1412 1447 1516 1509 etiam

322 1566 349 1628 si
374 1586 507 1629 veneno
527 1565 646 1630 tollere
667 1585 744 1628 eum
766 1574 954 1641 conaretur,
977 1566 1137 1630 ministris
1157 1586 1243 1649 opus
1261 1573 1343 1640 erat,
1364 1566 1423 1647 qui
1445 1567 1516 1628 sine

323 1685 514 1768 suspicione
543 1685 625 1749 illud
650 1685 680 1748 ei
705 1685 877 1768 porrigere
902 1685 1060 1769 possent?
1086 1686 1131 1748 Hi
1154 1695 1269 1749 autem
1295 1687 1328 1749 in
1352 1685 1428 1768 ipsa
1453 1684 1518 1746 Ar·
1606 1679 1607 1684 ’

325 1804 418 1898 minii
442 1812 538 1868 erant
562 1805 747 1886 quaerendi
772 1804 908 1880 familia,
933 1806 1048 1887 ibique
1068 1805 1226 1869 facillime
1246 1804 1518 1880 inveniebantur,

325 1945 414 1999 nam,
450 1945 493 1987 ne
529 1925 660 1988 duabus
695 1925 834 2006 quidem
866 1925 1050 1989 interiectis
1081 1925 1187 2001 lineis,
1220 1924 1414 1988 Arminium
1445 1924 1519 1987 dolo

319 2044 584 2126 propinquorum
616 2044 777 2107 cecidisse
809 2043 961 2126 legimus.
994 2045 1087 2127 Ergo
1110 2053 1169 2108 aut
1192 2043 1257 2107 alia
1281 2044 1413 2106 ratione
1438 2042 1520 2106 Ger·

325 2164 415 2226 mani
436 2163 562 2227 invisos
581 2163 645 2226 sibi
666 2163 820 2226 homines
836 2162 923 2227 clam
937 2183 1057 2226 necare
1071 2163 1250 2238 callebant,
1264 2172 1332 2240 aut,
1345 2164 1372 2226 si
1386 2183 1521 2226 veneno

326 2282 359 2346 hi
392 2303 528 2365 quoque
558 2283 609 2346 usi
640 2291 719 2345 sunt
746 2283 937 2364 propinqui,
962 2284 1033 2345 eius
1057 2283 1091 2345 in
1116 2283 1190 2366 ipsa
1213 2280 1396 2345 Germania
1420 2283 1521 2364 copia

326 2411 399 2465 tum
431 2401 503 2464 luit.
529 2401 659 2484 Quodsi
684 2409 799 2464 tamen
823 2401 981 2483 fingimus
1005 2402 1116 2465 Roma
1140 2401 1221 2465 illud
1248 2401 1436 2477 Germanis,
1461 2402 1521 2483 qui

325 2521 374 2585 uti
411 2520 547 2597 vellent,
581 2521 681 2585 luisse
713 2523 910 2604 petendum,
942 2543 1044 2604 quam
1077 2523 1213 2604 ineptus
1245 2521 1522 2604 Adgandestrius

325 2650 451 2717 noster,
474 2640 531 2723 qui
555 2641 599 2704 ab
623 2640 704 2723 ipsis
728 2640 881 2723 patribus
903 2641 1105 2723 conscriptis
1127 2640 1209 2704 illud
1232 2649 1397 2704 arcessat:
1423 2643 1522 2724 quasi

325 2781 406 2824 vero
439 2761 569 2825 Romae
600 2759 737 2842 publica
768 2761 937 2842 quaedam
969 2759 1069 2822 luerit
1101 2779 1310 2823 venenorum
1337 2760 1522 2842 apotheca.

327 2881 628 2945 Prudentissimum
648 2880 750 2963 igitur
769 2879 877 2943 suerat
897 2879 1063 2942 eiusmodi
1081 2900 1187 2962 nugas
1202 2887 1306 2961 atque
1323 2879 1525 2962 quisquilias

325 3021 377 3077 eo,
403 3000 460 3064 ubi
484 3002 643 3063 inventae
668 3008 790 3075 essent,
816 2999 1003 3081 relinquere
1028 2998 1121 3074 loco;
1146 2999 1173 3061 si
1198 3006 1313 3061 tamen
1339 2998 1419 3060 inde
1444 3019 1525 3080 pro·

325 3121 548 3193 traherentur,
582 3118 697 3201 paucis
728 3118 841 3181 verbis
871 3126 967 3182 erant
992 3117 1201 3182 refutandae.
1227 3117 1349 3180 Fidem
1374 3137 1456 3180 vero
1481 3117 1524 3180 iis

326 3239 451 3302 habere
476 3239 628 3302 omnium
653 3238 941 3322 perversissimum
966 3236 1063 3312 soret,
1089 3237 1151 3300 disi
1175 3235 1303 3319 aliquid
1329 3237 1524 3319 perversius

326 3359 553 3442 excogitasset
585 3357 739 3421 Tacitus:
772 3357 842 3421 ideo
872 3357 975 3421 fidem
1007 3357 1047 3418 iis
1078 3355 1203 3419 habere
1227 3363 1264 3417 ut
1289 3363 1404 3437 posset
1428 3376 1524 3419 novo

326 3479 499 3542 Tiberium
525 3478 700 3541 vulnerare
724 3477 874 3552 crimine,
898 3496 1008 3557 eoque
1031 3474 1226 3538 salsissimoz
1251 3494 1331 3537 nam
1354 3475 1381 3536 si
1403 3481 1522 3537 tamen

326 3600 498 3674 sumimus,
531 3599 565 3662 id
595 3597 686 3679 quod
712 3597 769 3659 vix
794 3596 972 3678 quisquam
996 3596 1030 3658 in
1053 3595 1204 3658 animum
1229 3594 1378 3668 inducet,
1402 3615 1523 3658 veram

327 3721 414 3784 hanc
434 3739 506 3784 esse
527 3719 569 3800 de
584 3711 785 3781 Chattorum
799 3716 960 3798 principis
973 3716 1138 3798 promisso
1153 3715 1392 3788 narrationem,
1407 3735 1523 3790 nemo,

327 3861 429 3924 quem
461 3839 600 3921 quidem
633 3856 701 3900 non
732 3835 901 3918 cupiditas
932 3854 1071 3897 caecum
1104 3833 1300 3908 reddiderit,
1332 3831 1524 3914 quidquam

326 3957 417 4022 aliud
441 3959 521 4022 inde
545 3957 678 4020 efficere
702 3963 816 4037 potest
840 3973 942 4036 quam
963 3952 1044 4015 hoc:
1067 3973 1109 4015 ne
1128 3951 1186 4015 illo
1205 3951 1344 4033 quidem
1365 3959 1525 4034 tempore

325 4086 481 4142 senatum
502 4097 522 4138 a
542 4075 652 4158 prisca
671 4073 930 4156 degeneravisse
951 4073 1087 4148 virtute,
1108 4072 1141 4134 in
1161 4071 1225 4133 hac
1246 4090 1328 4133 vero
1347 4089 1382 4132 re
1403 4090 1524 4152 parem

326 4219 361 4262 se
386 4195 561 4260 Tiberium
586 4192 744 4256 Fabricio
765 4192 982 4276 praestitisse.
1004 4190 1057 4253 De
1077 4189 1168 4253 inani
1188 4189 1372 4252 iactatione
1393 4196 1428 4252 et
1448 4187 1524 4251 imi·

326 4315 456 4380 tatione
480 4313 597 4394 inepta
621 4331 731 4374 sermo
756 4310 810 4374 hic
834 4331 907 4374 esse
930 4319 1045 4394 potest
1069 4308 1188 4374 nullus.
1214 4307 1286 4370 Aut
1305 4309 1332 4369 si
1352 4307 1522 4370 eiusmodi

327 4435 535 4516 suspiciones
566 4433 620 4496 hic
651 4432 722 4496 sine
753 4452 885 4496 summa
913 4431 1033 4495 iniuria
1057 4429 1197 4512 proferri
1223 4436 1375 4512 possunt,
1401 4428 1522 4510 quidni
