3266 5238
886 1319 946 1382 IX.

362 1543 474 1626 Agam
509 1564 598 1607 nunc
633 1546 675 1608 de
710 1544 793 1608 locis
829 1544 1043 1626 quibusdam,
1075 1541 1133 1605 ubi
1164 1541 1208 1604 ab
1239 1560 1307 1604 uno
1339 1539 1511 1604 vocabulo

315 1663 468 1745 pendent
492 1665 615 1739 omnia,
640 1664 734 1727 cuius
758 1684 839 1728 vero
862 1685 962 1727 sensu
983 1683 1051 1726 non
1072 1671 1230 1726 accurate
1251 1669 1433 1743 perspecto
1452 1668 1513 1723 aut

316 1783 436 1846 iniuria
470 1784 515 1847 sit
550 1785 721 1847 interdum
754 1785 935 1848 sollicitata
970 1784 1073 1847 lectio
1109 1783 1234 1846 tradita
1264 1790 1323 1844 aut
1355 1801 1514 1864 perversa

323 1905 499 1986 proposita
521 1905 726 1986 coniectura,
746 1913 804 1968 aut
825 1925 943 1987 parum
963 1904 1175 1967 intellectum
1194 1901 1305 1964 Taciti
1325 1900 1515 1975 consilium,

322 2025 470 2106 denique
494 2024 614 2107 aliquis
637 2024 744 2089 levior
766 2025 944 2107 graviorve
964 2024 1163 2087 commissus
1183 2041 1292 2097 error;
1314 2019 1515 2103 plerumque

319 2151 435 2206 tamen
466 2143 520 2206 hic
553 2143 756 2206 coniecturis
787 2144 991 2225 quibusdam
1023 2141 1216 2205 refellendis
1248 2139 1338 2202 dabo
1362 2159 1515 2222 operam,

320 2283 407 2344 quae
441 2263 522 2325 mihi
553 2272 612 2326 aut
636 2264 815 2327 videantur
838 2263 972 2326 inutiles
996 2271 1055 2325 aut
1078 2262 1112 2324 id
1136 2261 1170 2324 in
1194 2268 1328 2323 textum
1351 2259 1515 2322 inducere

320 2382 412 2463 quod
438 2381 583 2444 noluerit
606 2380 755 2444 Tacitus.

363 2500 455 2564 Ann.
481 2500 540 2576 XI,
566 2517 596 2564 2.
625 2501 765 2584 „Neque
789 2502 869 2564 data
893 2510 1029 2564 senatus
1054 2502 1153 2583 copia
1173 2501 1230 2583 (sc.
1252 2499 1392 2563 Valerio
1413 2497 1512 2561 Asia·

317 2621 397 2696 tico,
418 2622 452 2683 in
473 2641 575 2703 quem
596 2620 857 2684 calumniatores
880 2622 1067 2684 immiserat
1087 2620 1269 2684 Messalina
1288 2629 1323 2682 et
1343 2619 1428 2682 irata
1449 2617 1512 2700 ipsi

318 2748 352 2802 et
384 2739 490 2802 hortis
522 2741 592 2803 eius
624 2740 785 2822 inhianslz
817 2741 906 2803 intra
938 2739 1131 2803 cubiculum
1160 2739 1306 2814 auditur,
1331 2737 1514 2801 Messalina

319 2879 444 2935 coram,
465 2869 501 2922 et
521 2859 639 2924 Suillio
659 2861 912 2943 corruptionem
927 2859 1082 2934 militum,
1095 2879 1181 2941 quos
1193 2859 1337 2941 pecunia
1348 2867 1383 2921 et
1395 2867 1514 2940 stupro

317 2979 352 3042 in
372 2980 462 3042 omni
470 2979 609 3064 flagitio
629 2979 811 3043 obstrictos
824 2980 999 3062 arguebat,
1012 2980 1091 3042 exin
1104 2978 1307 3042 adulterium
1320 2978 1512 3061 Poppaeae,

317 3107 491 3180 postremo
516 3097 692 3161 mollitiam
716 3099 868 3180 corporis
892 3097 1120 3162 obiectante.”

362 3215 417 3280 Sic
449 3216 641 3292 Mediceus;
667 3219 827 3301 recipitur
852 3219 1050 3302 plerumque
1077 3218 1232 3281 Rhenani
1257 3218 1454 3280 coniectura
1475 3218 1510 3279 in

316 3356 409 3399 omne
432 3336 619 3421 flagitium,
651 3339 781 3414 iniuria,
808 3347 844 3402 ut
869 3340 950 3402 mihi
975 3341 1119 3402 videtur.
1145 3339 1222 3402 Non
1248 3338 1337 3400 enim
1363 3337 1417 3400 hic
1440 3337 1510 3419 agi-

315 3463 370 3517 tur
401 3455 444 3517 de
475 3454 589 3537 aliquo
622 3455 748 3520 Valerii
779 3458 929 3533 consilio,
961 3460 1054 3522 cuius
1083 3479 1183 3522 causa
1215 3457 1338 3520 milites
1365 3457 1421 3520 ille
1449 3455 1509 3518 ob-

313 3575 497 3650 strinxerit,
518 3576 578 3638 sed
600 3576 642 3639 de
661 3577 850 3652 condicione,
870 3579 904 3640 in
921 3598 1023 3660 quam
1037 3578 1159 3640 milites
1171 3577 1352 3640 adduxerit
1365 3577 1510 3659 pecunia

312 3695 499 3777 scortisque
520 3695 733 3777 praebendis
758 3696 802 3758 Et
823 3697 881 3778 qui
900 3696 981 3759 illud
1000 3697 1033 3758 in
1053 3697 1329 3782 omneflaga'tium
1350 3696 1508 3779 probant,

313 3815 356 3877 de
389 3813 537 3877 facinore
568 3814 683 3896 aliquo
715 3813 792 3878 lorti
824 3823 859 3877 et
891 3814 1091 3897 periculoso,
1123 3814 1215 3895 quod
1243 3833 1320 3877 cum
1346 3814 1509 3877 militibus

314 3933 381 3995 suis
413 3941 607 4015 perpetrare
640 3933 784 3996 voluerit
816 3933 982 4009 Valerius,
1014 3935 1163 4015 cogitare
1196 3933 1363 4008 videntur,
1388 3953 1508 3996 cume

314 4051 485 4114 contrario
510 4071 578 4112 vox
601 4051 657 4114 illa
681 4053 848 4116 mollitiem
873 4053 985 4136 potius
1007 4051 1175 4134 significat
1199 4059 1233 4114 et
1258 4051 1414 4133 quamvis
1434 4071 1509 4134 pra-

313 4173 466 4244 vitatem,
487 4189 574 4250 quae
594 4171 749 4251 neglecta
769 4173 946 4256 disciplina
967 4171 1101 4235 militari
1122 4172 1155 4234 in
1176 4171 1326 4234 exercitu
1346 4171 1510 4234 exsistere

311 4290 430 4352 soleat.
464 4287 564 4350 Hunc
589 4307 736 4353 errorem
760 4293 903 4355 evitavit
927 4293 994 4355 Dio
1020 4290 1094 4365 LX,
1120 4306 1171 4372 29,
1195 4291 1253 4370 qui
1278 4290 1321 4352 de
1346 4289 1510 4352 militibus

311 4409 355 4471 ad
387 4405 634 4488 impudicitiam
661 4428 681 4470 a
704 4411 790 4473 duce
816 4411 969 4493 pellectis
993 4410 1047 4472 hic
1071 4409 1126 4491 agi
1150 4409 1294 4490 putavit,
1318 4411 1379 4472 sed
1404 4408 1509 4471 alium
