3228 5236
882 417 942 480 180

355 591 493 674 Obligat
516 613 762 656 venas-venas
786 595 933 658 resolvit.
960 593 1072 658 Sicine
1096 613 1246 676 unquam
1270 592 1373 656 ullum
1398 594 1505 675 scrip-

311 719 420 773 torem
444 711 615 786 Latinum,
641 733 683 775 ne
708 713 819 776 dicam
839 714 1007 788 Tacitum,
1028 721 1190 795 nugatum
1211 733 1284 775 esse
1304 711 1505 775 credamus?

356 831 539 894 Puerorum
564 831 733 896 elementa
754 834 957 897 discentium
978 853 1089 896 sermo
1109 833 1172 894 iste
1194 840 1255 894 est.
1278 832 1322 893 Et
1337 833 1507 914 precandi

311 951 463 1024 verbum,
489 950 580 1013 nullo
605 952 742 1015 obiecto
768 954 898 1027 addito,
923 972 1000 1015 cum
1025 950 1106 1014 nihil
1130 952 1173 1013 sit
1200 953 1234 1013 in
1259 951 1382 1013 vicinia
1407 953 1503 1032 quod

312 1069 436 1132 obiecti
468 1071 542 1132 vice
574 1070 666 1153 iungi
699 1073 816 1154 possit,
848 1091 930 1135 num
961 1071 1147 1153 quidquam
1172 1069 1360 1152 significare
1387 1076 1505 1152 potest

311 1190 403 1270 quod
422 1189 476 1251 hic
496 1187 704 1271 requiratur?
729 1191 778 1255 Ut
795 1190 890 1254 locus
907 1191 1006 1253 simul
1019 1189 1053 1252 et
1066 1189 1154 1252 lacer
1167 1189 1202 1252 et
1214 1190 1330 1272 inepta
1343 1189 1505 1252 laborans

311 1308 530 1382 abundantia,
550 1318 734 1384 sanaretur,
755 1311 822 1373 iam
843 1317 922 1372 ante
942 1309 1100 1372 undecim
1121 1328 1228 1371 annos
1249 1307 1388 1389 (Mnem.
1406 1307 1503 1390 1894)

312 1426 399 1491 hanc
423 1429 584 1510 proposui
609 1428 790 1492 lectionem
806 1426 844 1511 ¹):

360 1595 450 1627 ,....
482 1548 611 1630 obligat
643 1569 764 1624 venas,
797 1557 1022 1630 precatusque
1055 1568 1115 1630 per
1145 1547 1320 1610 codicillos
1351 1547 1501 1621 veniam,

312 1666 433 1728 immiti
459 1687 621 1750 responso
645 1667 807 1730 resolvit”

357 1805 468 1867 neque
493 1807 581 1849 nunc
606 1807 659 1849 me
683 1787 755 1850 eius
779 1788 944 1869 poenitet.

356 2021 400 2083 A.
422 2021 482 2097 Vl,
509 2037 556 2103 15.
577 2023 733 2086 Tiberius
753 2023 913 2105 neptibus
934 2023 1002 2086 suis
1024 2023 1162 2085 maritos
1182 2020 1265 2104 legit
1287 2023 1326 2085 L.
1348 2021 1502 2086 Cassium

313 2147 347 2202 et
379 2140 425 2202 M.
459 2141 641 2218 Vicinium,
672 2163 816 2225 quorum
841 2142 905 2218 hic,
930 2151 1050 2225 utpote
1074 2141 1179 2204 nobili
1203 2161 1327 2224 genere
1351 2150 1445 2204 ortus
1470 2150 1504 2204 et

313 2258 459 2336 Calibus,
496 2261 529 2323 in
562 2263 745 2344 municipio
776 2262 1015 2326 florentissimo
1045 2271 1080 2324 et
1112 2261 1355 2344 elegantiarum
1389 2261 1500 2344 plcn0,

312 2385 421 2453 natus,
446 2379 537 2442 mitis
560 2389 632 2443 erat
655 2381 783 2464 ingenio
803 2389 839 2444 et
859 2390 1018 2464 comptae
1039 2381 1227 2445 facundiae.
1250 2380 1383 2444 Cassius
1404 2381 1502 2444 nobis

314 2497 361 2558 sic
385 2498 604 2562 describitur:

362 2615 523 2696 ,Cassius
543 2618 667 2700 plebeii
686 2620 817 2682 Romae
835 2620 976 2701 generis,
991 2639 1109 2681 verum
1121 2619 1251 2700 antiqui
1265 2618 1501 2700 honoratique,

314 2743 348 2797 et
378 2756 496 2800 severa
527 2739 632 2820 patris
664 2737 841 2820 disciplina
873 2739 1026 2814 eductus,
1059 2737 1219 2801 facilitate
1243 2739 1377 2821 saepius
1400 2758 1502 2820 quam

314 2855 478 2919 industria
502 2858 839 2922 commendabatur.’'

359 2973 397 3035 ln
419 2976 585 3038 vocabulo
603 2979 735 3060 saepius
754 2977 871 3040 haeret
892 2976 1130 3060 Nipperdeius,
1143 2976 1236 3058 quod
1251 2985 1342 3039 recte
1356 2997 1419 3059 pro
1425 2977 1504 3057 plus

314 3093 394 3173 poni
419 3113 517 3174 posse
543 3115 611 3157 non
636 3098 754 3160 credit.
790 3096 840 3160 At
863 3095 929 3159 hoc
954 3095 1093 3177 quidem
1119 3093 1215 3157 facile
1239 3095 1320 3170 fero,
1345 3096 1404 3157 sed
1430 3103 1504 3159 tota

312 3213 481 3275 sententia
498 3213 717 3279 vehementer
735 3214 817 3278 mihi
836 3214 1003 3298 displicet.
1017 3213 1100 3295 Quis
1113 3215 1204 3276 enim
1217 3215 1260 3277 de
1273 3213 1502 3290 adolescente,

311 3350 412 3411 quem
427 3333 530 3394 modo
543 3333 780 3416 legeritsevere
788 3336 981 3408 educatum,
991 3333 1092 3416 paulo
1106 3341 1183 3415 post
1196 3341 1502 3397 commemoratum

310 3449 348 3510 iri
373 3459 551 3534 exspectet
567 3452 740 3536 facilitate
759 3473 836 3516 eum
856 3454 1134 3516 commendatum
1156 3450 1249 3514 esse?
1275 3452 1398 3514 Mirum
1418 3472 1502 3535 ergo

309 3579 450 3651 paterna
479 3573 641 3635 severitas
672 3572 831 3635 effectum
863 3549 1000 3636 habuit!
1037 3570 1126 3652 Quid
1151 3571 1243 3652 quod
1269 3572 1443 3653 opponitur
1470 3573 1500 3633 ei

308 3690 515 3767 adolescens,
548 3692 641 3755 cuius
673 3691 772 3773 plane
802 3692 955 3755 diversae
988 3690 1111 3754 suerint
1140 3690 1235 3770 origo
1259 3689 1498 3770 educatioque,

307 3828 410 3889 quem
440 3831 521 3892 ergo
552 3811 651 3893 plane
683 3809 781 3873 aliter
811 3809 910 3873 fuisse
943 3816 1111 3872 moratum
1142 3809 1186 3869 sit
1218 3815 1498 3869 consentaneum.

307 3927 357 3990 At
378 3928 432 3991 hic
452 3930 515 3993 suit
535 3933 625 3995 mitis
644 3932 783 4012 ingenio.
809 3929 901 4011 Ergo
918 3928 973 3991 hic
993 3929 1081 3991 inter
1100 3947 1135 3989 se
1156 3937 1373 4007 opponuntur,
1395 3927 1497 4006 ,mite

307 4048 502 4129 ingenium”
524 4057 628 4111 et....
653 4049 845 4129 ,facilitas'',
866 4069 953 4130 quae
974 4067 1042 4111 vox
1062 4065 1198 4128 prorsus
1211 4045 1303 4108 idem
1316 4043 1495 4127 significat.

346 4344 371 4408 ι)
395 4343 480 4404 Quam
505 4339 581 4388 luerit
600 4339 627 4389 in
646 4341 772 4392 hocloco
790 4343 928 4392 scribendo
947 4342 1084 4406 negligens
1102 4339 1222 4390 librarius
1241 4341 1284 4390 vel
1305 4341 1367 4390 inde
1386 4347 1494 4405 apparet

307 4429 379 4493 quod
397 4429 423 4476 in
442 4435 513 4476 textu
532 4427 635 4491 scripsit
653 4429 682 4476 ob
700 4429 802 4495 legatu3
821 4429 847 4478 in
866 4429 983 4493 margine
1001 4435 1040 4477 est
1058 4427 1192 4490 obligavit.
