3266 5238
642 1373 720 1436 XII.

133 1598 262 1680 Agetur
280 1600 333 1662 hic
353 1601 395 1662 de
414 1601 453 1664 iis
471 1601 581 1664 Taciti
601 1600 848 1664 narrationibus
866 1621 963 1682 quae,
981 1601 1068 1663 sicut
1086 1602 1177 1684 apud
1198 1622 1274 1664 eum

92 1715 250 1798 leguntur,
280 1719 423 1802 intelligi
451 1721 655 1804 probarique
679 1741 747 1784 non
772 1722 913 1804 possint,
938 1720 1098 1796 obscuriS,
1122 1723 1276 1798 turbatis,

93 1836 306 1920 imperfectis;
339 1859 496 1921 quaeque
527 1840 617 1902 vitiis
648 1839 711 1902 illis
740 1839 898 1902 laborant
925 1860 994 1902 non
1018 1840 1115 1903 unius
1138 1840 1277 1904 alicuius

93 1958 239 2021 vocabuli
272 1959 381 2042 culpa,
414 1961 507 2041 quod
532 1979 650 2042 parum
673 1968 754 2043 apte
777 1959 821 2022 sit
845 1960 1004 2043 positum,
1030 1961 1090 2023 sed
1115 1962 1194 2043 quia
1217 1971 1277 2025 aut

91 2077 130 2138 ad
163 2077 359 2142 historicum
390 2087 544 2142 nostrum
575 2079 621 2143 nil
653 2080 714 2142 nisi
748 2100 853 2162 vagus
886 2099 1000 2142 rumor
1031 2083 1186 2164 pervenit
1217 2091 1275 2145 aut

91 2197 163 2276 quia
191 2199 317 2261 nudam
342 2219 477 2262 narrare
502 2200 680 2262 veritatem
705 2197 823 2274 noluit,
847 2206 906 2262 aut
931 2200 1078 2281 denique
1101 2201 1180 2282 quia
1203 2221 1274 2263 rem

91 2313 229 2396 aliquam
254 2317 301 2379 ita
326 2319 502 2400 proposuit
528 2327 563 2381 ut
583 2318 709 2400 legenti
729 2319 915 2381 admodum
935 2318 979 2381 sit
998 2318 1133 2382 difficile
1153 2341 1220 2384 non
1240 2322 1273 2384 in

91 2432 228 2516 aliquem
246 2437 395 2500 incidere
412 2457 571 2500 errorem.
590 2437 734 2501 Causam
751 2446 865 2500 autem
879 2457 937 2500 cur
950 2438 1119 2501 interdum
1132 2439 1275 2504 noluerit

91 2555 224 2619 remita
249 2565 286 2618 ut
309 2566 405 2638 gesta
429 2565 518 2620 esset
541 2558 686 2632 tradere,
711 2557 798 2620 hanc
823 2559 1040 2640 praecipuam
1061 2556 1161 2620 fuisse
1181 2561 1273 2640 quod

88 2675 128 2735 ad
152 2675 316 2738 dirissima
335 2677 598 2759 saevissimaque
619 2678 789 2740 credenda
809 2679 897 2741 iusto
917 2677 1016 2741 fuerit
1037 2677 1185 2761 pronior,
1208 2679 1274 2741 iam

88 2795 164 2856 satis
193 2805 352 2860 accurate
387 2797 420 2860 in
452 2797 736 2880 praecedentibus
766 2798 1086 2875 demonstravimus,
1121 2818 1274 2862 nonnun-

87 2931 183 2990 quam
206 2915 253 2976 rei
278 2913 417 2978 alicuius
440 2924 521 2978 ante
545 2915 669 2979 multos
693 2936 800 2978 annos
824 2924 982 2998 peractae
1005 2918 1173 2980 rationem
1197 2939 1274 2980 eum

87 3027 202 3112 fugisse
234 3032 379 3095 invitum
410 3035 485 3116 quis
518 3033 714 3098 mirabitur?
746 3035 818 3098 Iam
847 3055 927 3098 vero
951 3036 1059 3117 ipsam
1083 3037 1273 3100 orationem

84 3147 254 3214 Taciteam
275 3152 464 3216 identidem
484 3153 616 3216 efficere
636 3162 672 3216 ut
692 3163 810 3216 auctor
832 3152 918 3216 male
938 3154 1079 3237 intelligi
1098 3155 1151 3218 vel
1169 3158 1276 3238 possit

84 3268 134 3330 vel
166 3271 300 3346 debeat,
330 3273 364 3334 id
389 3293 471 3336 vero
494 3280 629 3336 tanturn
653 3273 749 3336 abest
775 3281 812 3336 ut
835 3273 1033 3338 incredibile
1057 3277 1213 3340 videatur
1237 3285 1274 3340 ut

84 3410 147 3453 non
173 3391 279 3454 multo
303 3394 437 3475 saepius
462 3391 544 3455 illud
568 3393 723 3456 accidere
748 3393 818 3456 iure
844 3395 1012 3458 miremur.

132 3510 224 3574 Ann.
257 3511 320 3587 XI,
359 3526 411 3604 25.
447 3513 632 3592 ,Famosos
666 3513 800 3595 probris
833 3534 981 3595 quonam
1017 3516 1122 3577 modo
1156 3525 1275 3579 senatu

81 3630 220 3711 pelleret
249 3631 371 3695 anxius
402 3631 596 3714 (Claudius),
629 3632 747 3694 mitem
773 3641 810 3695 et
834 3652 951 3695 recens
975 3641 1144 3714 repertam
1169 3654 1271 3715 quam

80 3769 119 3810 ex
142 3751 325 3814 severitate
350 3751 459 3834 prisca
480 3753 646 3814 rationem
666 3752 832 3827 adhibuit,
854 3751 1026 3813 monendo
1046 3771 1161 3814 secum
1182 3754 1270 3833 quis·

80 3889 140 3950 que
164 3872 210 3934 de
233 3892 269 3934 se
290 3871 496 3936 consultaret
517 3880 718 3954 peteretque
739 3873 788 3934 ius
809 3872 954 3934 exuendi
976 3871 1117 3947 ordinis;
1135 3871 1268 3935 facilem

79 3989 144 4052 eius
167 3991 216 4054 rei
241 3991 393 4068 veniam3
418 3999 453 4054 et
477 4001 589 4054 motos
611 4000 730 4054 senatu
756 3999 1002 4072 excusatosque
1026 3991 1124 4054 simul
1145 4013 1268 4076 propo·

77 4109 227 4184 siturum,
259 4117 312 4172 ut·
328 4110 489 4174 iudicium
521 4131 701 4174 censorum
729 4130 768 4173 ac
793 4111 903 4192 pudor
925 4119 1049 4193 sponte
1074 4112 1268 4174 cedentium

78 4233 245 4310 permixta
267 4231 488 4311 ignominiam
514 4230 693 4294 molliret”.

118 4350 254 4425 Mirum,
286 4349 410 4424 hercle,
441 4351 629 4426 consilium,
662 4350 823 4431 quodque
852 4369 894 4411 ne
918 4370 938 4413 a
962 4348 1104 4414 Claudio
1128 4349 1267 4431 quidem
1313 4415 1320 4430 ,

78 4477 262 4554 exspectes
295 4469 428 4532 etiamsi
460 4491 495 4532 re
527 4490 607 4533 vera
637 4476 708 4532 tam
737 4467 842 4531 hebes
865 4468 1055 4551 stultusque
1078 4468 1141 4532 suit
1164 4489 1267 4551 quam
