3266 5238
907 431 968 494 126

339 609 470 684 Pisone,
498 609 603 672 nobili
626 630 665 672 ac
690 610 791 674 feroci
817 611 900 673 viro.
925 611 956 672 Is
980 627 1138 691 namque,
1162 617 1200 672 ut
1224 607 1331 682 retuli,
1357 625 1524 670 cessurum

337 749 373 792 se
405 729 487 792 urbe
518 729 563 792 ob
595 729 759 794 factiones
790 739 1024 794 accusatomm
1056 730 1089 792 in
1120 737 1239 792 senatu
1264 723 1526 790 clamitaverat’'.

340 849 442 912 Mitto
477 870 566 912 nunc
599 851 691 932 quod
724 859 841 914 nostro
871 851 947 914 loco
978 870 1047 913 non
1082 847 1237 931 „retulit”
1267 847 1348 911 illud
1381 846 1527 918 Tacitus,

338 979 429 1032 certe
461 991 529 1032 non
561 970 661 1053 plane
692 971 800 1048 idem;
832 970 892 1034 sed
917 979 1057 1054 propter
1080 969 1162 1032 illud
1191 968 1375 1048 ,factiones
1398 985 1528 1030 accusa·

338 1089 473 1154 torum”
496 1091 658 1174 suspicari
682 1091 809 1174 incipio
833 1092 989 1154 Pisonem
1014 1092 1081 1154 iam
1104 1099 1178 1154 turn
1200 1089 1343 1152 sensisse
1367 1095 1528 1170 quantum

337 1211 402 1273 sibi
423 1211 501 1274 mali
522 1231 542 1274 a
562 1210 770 1274 delatoribus
791 1220 886 1276 esset·
899 1212 1168 1295 exspectandum
1189 1211 1233 1292 (v.
1250 1229 1337 1291 quae
1351 1208 1394 1271 de
1408 1206 1530 1271 Granio

339 1341 516 1395 narrantur
547 1331 609 1406 IV,
634 1331 698 1413 21),
727 1351 877 1413 ergoque
901 1330 1089 1414 postulasse
1113 1337 1150 1392 ut
1173 1348 1293 1392 severo
1316 1335 1530 1390 senatuscon-

338 1451 427 1514 sulto
462 1450 600 1514 obviam
634 1452 674 1513 iis
708 1451 822 1528 iretur,
857 1453 950 1533 quod
985 1471 1063 1514 curn
1093 1451 1276 1533 impetrare
1307 1469 1375 1512 non
1408 1455 1529 1531 posset,

340 1571 461 1634 exiisse
485 1591 563 1634 eum
588 1591 607 1634 e
631 1581 760 1634 senatu.

384 1690 511 1765 A.111,
533 1691 584 1773 36.
609 1691 729 1770 „Exim
751 1701 957 1776 promptum,
979 1691 1071 1773 quod
1093 1690 1277 1754 multorum
1293 1689 1421 1752 intimis
1437 1706 1529 1769 ques·

339 1812 431 1876 tibus
465 1812 655 1893 tegebatur.
692 1812 877 1876 Incedebat
908 1813 999 1876 enim
1030 1813 1214 1874 deterrimo
1245 1811 1367 1892 cuique
1397 1808 1531 1872 licentia

340 1934 479 2015 impune
499 1932 624 2014 probra
643 1941 678 1994 et
698 1933 860 1996 invidiam
881 1933 914 1997 in
935 1932 1045 1995 bonos
1057 1931 1228 1995 excitandi
1242 1937 1377 2012 arrepta
1389 1928 1532 2009 imagine

340 2051 492 2116 Caesaris
499 2079 507 2127 ς
528 2051 744 2134 libertinique
764 2053 867 2116 etiam
887 2072 926 2116 ac
947 2052 1046 2127 servi,
1069 2059 1214 2134 patrono
1231 2049 1284 2112 vel
1302 2049 1442 2112 domino
1458 2066 1533 2109 cum

340 2191 451 2246 voces,
478 2191 554 2233 cum
579 2191 697 2234 manus
722 2173 940 2247 intentarent,
965 2171 1054 2234 ultro
1077 2167 1349 2234 metuebantur”.

387 2291 488 2354 Haud
516 2290 608 2353 leves
634 2290 805 2354 molestias
829 2290 910 2354 mihi
936 2290 1076 2373 quidem
1101 2289 1267 2352 vocabula
1290 2299 1430 2370 arrepta
1454 2287 1534 2349 ima-

337 2411 417 2494 gine
444 2409 600 2474 Caesaris
622 2409 796 2473 exhibent.
821 2408 856 2474 Si
881 2411 924 2474 de
945 2427 1025 2472 vera
1045 2409 1158 2492 aliqua
1178 2409 1329 2472 Caesaris
1342 2407 1536 2489 cogitamus

341 2530 499 2612 imagine,
520 2531 563 2594 ad
584 2550 686 2611 quam
706 2529 761 2592 isti
782 2528 937 2594 homines
952 2538 1128 2612 tamquam
1146 2530 1309 2603 adaram,
1326 2526 1533 2608 confugiunt,

341 2650 405 2712 hoc
438 2648 525 2712 male
555 2669 617 2713 nos
640 2649 763 2740 babet,
795 2651 888 2732 quod
913 2649 967 2712 hic
991 2670 1102 2713 sermo
1128 2670 1195 2712 non
1220 2657 1272 2712 est
1296 2648 1339 2711 de
1364 2646 1534 2718 maleficis,

340 2770 398 2852 qui
424 2779 617 2852 perpetrata
646 2771 714 2834 iam
738 2771 897 2854 facinore
923 2771 1106 2852 imaginem
1130 2769 1282 2834 Caesaris
1305 2769 1467 2851 arripiant
1492 2786 1534 2828 ne

342 2889 453 2973 puniri
485 2890 625 2972 possint,
658 2890 717 2953 sed
746 2891 788 2954 de
812 2891 861 2965 iis,
887 2889 943 2972 qui
969 2910 1059 2973 pone
1083 2889 1257 2973 quoddam
1280 2889 1388 2952 latent
1412 2908 1535 2971 propu-

343 3009 533 3091 gnaculum,
568 3009 657 3072 unde
689 3011 827 3093 impune
859 3019 1054 3093 perpetrare
1086 3011 1217 3093 possint
1247 3010 1340 3092 quod
1364 3009 1398 3072 in
1422 3009 1536 3072 animo

344 3129 481 3193 babent.
504 3129 562 3194 Sin
584 3129 725 3212 figurate
746 3151 786 3194 ea
806 3130 910 3194 verba
929 3131 1114 3215 accipimus
1130 3139 1166 3194 ut
1184 3132 1341 3216 arripere
1357 3131 1536 3213 imaginem

346 3248 503 3313 Caesaris
533 3249 593 3312 sit:
619 3248 771 3313 Caesaris
795 3251 932 3314 nomine
956 3260 1132 3333 tamquam
1156 3250 1271 3333 aliquo
1294 3250 1343 3312 uti
1366 3248 1538 3313 terricula-

345 3377 472 3444 mento,
504 3369 584 3442 sive,
616 3377 654 3432 ut
684 3390 755 3432 rem
787 3371 896 3453 ipsam
928 3391 1029 3453 quam
1057 3371 1269 3454 apertissime
1292 3369 1537 3452 significemus:

346 3488 476 3569 „laesae
498 3489 682 3552 maiestatis
704 3490 822 3552 minari
842 3490 1002 3566 crimen'’,
1020 3490 1101 3574 quid
1122 3511 1190 3573 quo
1207 3490 1394 3554 reserantur
1410 3490 1539 3553 habent

342 3607 426 3672 haec
450 3608 555 3672 verba
578 3608 615 3673 C.
641 3609 754 3684 Cestii,
776 3610 834 3691 qui
854 3611 981 3694 primus
1001 3611 1205 3674 sententiam
1226 3611 1324 3673 dicit:
1348 3610 1540 3692 „principes

343 3731 481 3812 quidem
505 3732 610 3794 instar
634 3731 775 3794 deorum
799 3751 889 3807 esse;
913 3732 973 3795 sed
999 3751 1109 3814 neque
1129 3751 1149 3794 a
1168 3732 1232 3796 diis
1254 3732 1315 3795 nisi
1336 3733 1441 3796 iustas
1459 3752 1538 3815 sup·

343 3848 468 3932 plicum
494 3870 611 3932 preces
635 3851 754 3925 audiri,
780 3870 890 3932 neque
915 3871 1121 3933 quemquam
1146 3851 1179 3914 in
1202 3851 1407 3935 Capitolium
1428 3851 1538 3916 aliave

344 3968 435 4032 urbis
458 3969 587 4051 templa
611 3969 797 4052 perfugere,
823 3978 860 4032 ut
884 3989 925 4032 eo
949 3969 1100 4033 subsidio
1123 3971 1167 4032 ad
1193 3969 1319 4053 flagitia
1344 3970 1495 4035 utatur’'?

390 4089 449 4164 III,
470 4089 524 4167 46.
545 4088 582 4150 In
603 4089 848 4152 tumultuantes
868 4087 983 4154 Gallos
1004 4089 1120 4172 copias
1138 4091 1286 4154 educens
1305 4089 1405 4155 Silius
1418 4100 1453 4155 et
1464 4092 1541 4155 aliis

344 4208 456 4272 verbis
480 4206 647 4289 significat
671 4207 772 4289 plane
796 4210 1066 4273 contemnendos
1090 4228 1163 4272 esse
1188 4209 1302 4272 hostes
1326 4219 1362 4274 et
1386 4211 1495 4286 hisce:

393 4325 550 4408 ,Quanto
568 4328 711 4410 pecunia
724 4327 812 4389 dites
825 4337 859 4390 et
872 4327 1105 4411 voluptatibus
1117 4329 1308 4412 opulentos,
1322 4339 1421 4395 tanto
1434 4333 1542 4415 magis

345 4445 498 4510 imbelles
522 4446 665 4510 Aeduos
688 4447 834 4510 evincite
858 4457 892 4510 et
917 4447 1123 4534 fugientibus
1146 4449 1346 4514 consulite”.
