<?xml version="1.0" encoding="UTF-8"?>
<!DOCTYPE html PUBLIC "-//W3C//DTD XHTML 1.0 Transitional//EN"
    "http://www.w3.org/TR/xhtml1/DTD/xhtml1-transitional.dtd">
<html xmlns="http://www.w3.org/1999/xhtml" xml:lang="en" lang="en">
 <head>
  <title>
</title>
<meta http-equiv="Content-Type" content="text/html;charset=utf-8" />
  <meta name='ocr-system' content='tesseract 3.04.00' />
  <meta name='ocr-capabilities' content='ocr_page ocr_carea ocr_par ocr_line ocrx_word'/>
</head>
<body>
  <div class='ocr_page' id='page_1' title='image "./analectatacitea01hartgoog_0190.png"; bbox 0 0 3228 5236; ppageno 0'>
   <div class='ocr_carea' id='block_1_1' title="bbox 122 589 1305 676">
    <p class='ocr_par' dir='ltr' id='par_1_1' title="bbox 122 589 1305 676">
     <span class='ocr_line' id='line_1_1' title="bbox 122 589 1305 676; baseline -0.005 -20"><span class='ocrx_word' id='word_1_1' title='bbox 122 593 330 676; x_wconf 82' lang='lat' dir='ltr'>irrumpendi</span> <span class='ocrx_word' id='word_1_2' title='bbox 364 592 504 655; x_wconf 91' lang='lat' dir='ltr'>verbum</span> <span class='ocrx_word' id='word_1_3' title='bbox 537 601 698 674; x_wconf 86' lang='lat' dir='ltr'>ponatur,</span> <span class='ocrx_word' id='word_1_4' title='bbox 731 592 788 654; x_wconf 93' lang='lat' dir='ltr'>ubi</span> <span class='ocrx_word' id='word_1_5' title='bbox 821 590 912 654; x_wconf 93' lang='lat' dir='ltr'>nullo</span> <span class='ocrx_word' id='word_1_6' title='bbox 945 591 1048 653; x_wconf 91' lang='lat' dir='ltr'>modo</span> <span class='ocrx_word' id='word_1_7' title='bbox 1080 590 1156 652; x_wconf 86' lang='lat' dir='ltr'>serti</span> <span class='ocrx_word' id='word_1_8' title='bbox 1189 589 1305 672; x_wconf 89' lang='lat' dir='ltr'>possit.</span> 
     </span>
    </p>
   </div>
   <div class='ocr_carea' id='block_1_2' title="bbox 164 797 1308 912">
    <p class='ocr_par' dir='ltr' id='par_1_2' title="bbox 164 797 1308 912">
     <span class='ocr_line' id='line_1_2' title="bbox 164 797 1308 912; baseline -0.003 -18"><span class='ocrx_word' id='word_1_9' title='bbox 164 831 209 894; x_wconf 90' lang='lat' dir='ltr'>A.</span> <span class='ocrx_word' id='word_1_10' title='bbox 243 830 287 905; x_wconf 88' lang='lat' dir='ltr'>V,</span> <span class='ocrx_word' id='word_1_11' title='bbox 319 831 350 893; x_wconf 93' lang='lat'>6.</span> <span class='ocrx_word' id='word_1_12' title='bbox 377 829 534 894; x_wconf 75' lang='lat' dir='ltr'>Refertur</span> <span class='ocrx_word' id='word_1_13' title='bbox 558 831 666 892; x_wconf 89' lang='lat' dir='ltr'>oratio</span> <span class='ocrx_word' id='word_1_14' title='bbox 691 797 996 911; x_wconf 78' lang='lat' dir='ltr'>quaedamquam</span> <span class='ocrx_word' id='word_1_15' title='bbox 1022 837 1099 912; x_wconf 92' lang='lat' dir='ltr'>post</span> <span class='ocrx_word' id='word_1_16' title='bbox 1122 826 1235 893; x_wconf 89' lang='lat' dir='ltr'>Seiani</span> <span class='ocrx_word' id='word_1_17' title='bbox 1260 829 1308 890; x_wconf 94' lang='lat' dir='ltr'>in-</span> 
     </span>
    </p>
   </div>
   <div class='ocr_carea' id='block_1_3' title="bbox 14 941 1306 1030">
    <p class='ocr_par' dir='ltr' id='par_1_3' title="bbox 14 941 1306 1030">
     <span class='ocr_line' id='line_1_3' title="bbox 14 941 1306 1030; baseline -0.003 -17"><span class='ocrx_word' id='word_1_18' title='bbox 14 941 16 1000; x_wconf 71' lang='lat' dir='ltr'>l</span> <span class='ocrx_word' id='word_1_19' title='bbox 123 951 258 1013; x_wconf 89' lang='lat' dir='ltr'>teritum</span> <span class='ocrx_word' id='word_1_20' title='bbox 293 948 413 1030; x_wconf 87' lang='lat' dir='ltr'>aliquis</span> <span class='ocrx_word' id='word_1_21' title='bbox 448 969 491 1011; x_wconf 91' lang='lat' dir='ltr'>ex</span> <span class='ocrx_word' id='word_1_22' title='bbox 527 949 598 1011; x_wconf 91' lang='lat' dir='ltr'>eius</span> <span class='ocrx_word' id='word_1_23' title='bbox 628 949 755 1023; x_wconf 91' lang='lat' dir='ltr'>amicis,</span> <span class='ocrx_word' id='word_1_24' title='bbox 786 948 911 1010; x_wconf 91' lang='lat' dir='ltr'>iamet</span> <span class='ocrx_word' id='word_1_25' title='bbox 943 948 1014 1030; x_wconf 91' lang='lat' dir='ltr'>ipse</span> <span class='ocrx_word' id='word_1_26' title='bbox 1047 949 1080 1010; x_wconf 93' lang='lat' dir='ltr'>in</span> <span class='ocrx_word' id='word_1_27' title='bbox 1111 968 1306 1029; x_wconf 91' lang='lat' dir='ltr'>supremum</span> 
     </span>
    </p>
   </div>
   <div class='ocr_carea' id='block_1_4' title="bbox 14 1066 1309 1158">
    <p class='ocr_par' dir='ltr' id='par_1_4' title="bbox 14 1066 1309 1158">
     <span class='ocr_line' id='line_1_4' title="bbox 14 1066 1309 1158; baseline -0.005 -24"><span class='ocrx_word' id='word_1_28' title='bbox 14 1109 16 1158; x_wconf 59' lang='lat'>;</span> <span class='ocrx_word' id='word_1_29' title='bbox 123 1071 288 1133; x_wconf 91' lang='lat' dir='ltr'>adductus</span> <span class='ocrx_word' id='word_1_30' title='bbox 318 1069 509 1142; x_wconf 88' lang='lat' dir='ltr'>discrimen,</span> <span class='ocrx_word' id='word_1_31' title='bbox 542 1069 635 1130; x_wconf 91' lang='lat' dir='ltr'>domi</span> <span class='ocrx_word' id='word_1_32' title='bbox 658 1067 700 1130; x_wconf 87' lang='lat' dir='ltr'>ad</span> <span class='ocrx_word' id='word_1_33' title='bbox 725 1067 853 1129; x_wconf 90' lang='lat' dir='ltr'>amicos</span> <span class='ocrx_word' id='word_1_34' title='bbox 877 1066 1005 1134; x_wconf 87' lang='lat' dir='ltr'>habuit.</span> <span class='ocrx_word' id='word_1_35' title='bbox 1042 1067 1123 1129; x_wconf 89' lang='lat' dir='ltr'>Eius</span> <span class='ocrx_word' id='word_1_36' title='bbox 1148 1067 1309 1129; x_wconf 90' lang='lat' dir='ltr'>orationis</span> 
     </span>
    </p>
   </div>
   <div class='ocr_carea' id='block_1_5' title="bbox 123 1185 1309 1269">
    <p class='ocr_par' dir='ltr' id='par_1_5' title="bbox 14 1163 1309 1269">
     <span class='ocr_line' id='line_1_5' title="bbox 123 1185 1309 1269; baseline -0.002 -19.168"><span class='ocrx_word' id='word_1_37' title='bbox 123 1189 360 1252; x_wconf 90' lang='lat' dir='ltr'>tantummodo</span> <span class='ocrx_word' id='word_1_38' title='bbox 391 1186 510 1251; x_wconf 88' lang='lat' dir='ltr'>ultima</span> <span class='ocrx_word' id='word_1_39' title='bbox 541 1207 618 1269; x_wconf 87' lang='lat' dir='ltr'>pars</span> <span class='ocrx_word' id='word_1_40' title='bbox 647 1194 811 1267; x_wconf 90' lang='lat' dir='ltr'>superest,</span> <span class='ocrx_word' id='word_1_41' title='bbox 842 1187 876 1248; x_wconf 93' lang='lat' dir='ltr'>in</span> <span class='ocrx_word' id='word_1_42' title='bbox 907 1207 974 1268; x_wconf 90' lang='lat' dir='ltr'>qua</span> <span class='ocrx_word' id='word_1_43' title='bbox 1006 1194 1040 1248; x_wconf 89' lang='lat' dir='ltr'>et</span> <span class='ocrx_word' id='word_1_44' title='bbox 1070 1185 1136 1248; x_wconf 90' lang='lat' dir='ltr'>alia</span> <span class='ocrx_word' id='word_1_45' title='bbox 1167 1195 1202 1250; x_wconf 93' lang='lat' dir='ltr'>et</span> <span class='ocrx_word' id='word_1_46' title='bbox 1226 1185 1309 1249; x_wconf 90' lang='lat' dir='ltr'>haec</span> 
     </span>
    </p>
   </div>
   <div class='ocr_carea' id='block_1_6' title="bbox 14 1307 1311 1507">
    <p class='ocr_par' dir='ltr' id='par_1_6' title="bbox 14 1307 1311 1507">
     <span class='ocr_line' id='line_1_6' title="bbox 124 1307 295 1370; baseline 0.006 -1"><span class='ocrx_word' id='word_1_47' title='bbox 124 1307 133 1369; x_wconf 98' lang='lat' dir='ltr'>l</span> <span class='ocrx_word' id='word_1_48' title='bbox 201 1315 295 1370; x_wconf 90' lang='lat' dir='ltr'>ntur:</span> 
     </span>
     <span class='ocr_line' id='line_1_7' title="bbox 14 1328 1311 1507; baseline 0.003 -23"><span class='ocrx_word' id='word_1_49' title='bbox 14 1441 15 1460; x_wconf 71' lang='lat'>³</span> <span class='ocrx_word' id='word_1_50' title='bbox 134 1328 299 1506; x_wconf 71' lang='lat' dir='ltr'>eg‚,uVersa</span> <span class='ocrx_word' id='word_1_51' title='bbox 330 1434 381 1488; x_wconf 90' lang='lat' dir='ltr'>est</span> <span class='ocrx_word' id='word_1_52' title='bbox 412 1425 547 1487; x_wconf 80' lang='lat' dir='ltr'>fortuna</span> <span class='ocrx_word' id='word_1_53' title='bbox 570 1433 605 1486; x_wconf 90' lang='lat' dir='ltr'>et</span> <span class='ocrx_word' id='word_1_54' title='bbox 628 1423 683 1487; x_wconf 86' lang='lat' dir='ltr'>ille</span> <span class='ocrx_word' id='word_1_55' title='bbox 708 1425 856 1506; x_wconf 91' lang='lat' dir='ltr'>quidem,</span> <span class='ocrx_word' id='word_1_56' title='bbox 881 1426 938 1506; x_wconf 91' lang='lat' dir='ltr'>qui</span> <span class='ocrx_word' id='word_1_57' title='bbox 963 1422 1129 1507; x_wconf 85' lang='lat' dir='ltr'>collegam</span> <span class='ocrx_word' id='word_1_58' title='bbox 1153 1433 1188 1488; x_wconf 94' lang='lat' dir='ltr'>et</span> <span class='ocrx_word' id='word_1_59' title='bbox 1209 1445 1311 1507; x_wconf 90' lang='lat' dir='ltr'>gene·</span> 
     </span>
    </p>
   </div>
   <div class='ocr_carea' id='block_1_7' title="bbox 14 1542 1311 1626">
    <p class='ocr_par' dir='ltr' id='par_1_7' title="bbox 14 1542 1311 1626">
     <span class='ocr_line' id='line_1_8' title="bbox 14 1542 1311 1626; baseline 0 -19"><span class='ocrx_word' id='word_1_60' title='bbox 14 1563 15 1580; x_wconf 62' lang='lat'>¹</span> <span class='ocrx_word' id='word_1_61' title='bbox 126 1564 197 1607; x_wconf 88' lang='lat' dir='ltr'>rum</span> <span class='ocrx_word' id='word_1_62' title='bbox 220 1544 412 1606; x_wconf 88' lang='lat' dir='ltr'>adsciverat</span> <span class='ocrx_word' id='word_1_63' title='bbox 436 1544 493 1625; x_wconf 78' lang='lat' dir='ltr'>(sc.</span> <span class='ocrx_word' id='word_1_64' title='bbox 518 1542 700 1626; x_wconf 85' lang='lat' dir='ltr'>Seianum),</span> <span class='ocrx_word' id='word_1_65' title='bbox 724 1544 787 1606; x_wconf 92' lang='lat' dir='ltr'>sibi</span> <span class='ocrx_word' id='word_1_66' title='bbox 810 1544 972 1626; x_wconf 88' lang='lat' dir='ltr'>ignoscit;</span> <span class='ocrx_word' id='word_1_67' title='bbox 992 1545 1106 1620; x_wconf 91' lang='lat' dir='ltr'>ceteri,</span> <span class='ocrx_word' id='word_1_68' title='bbox 1127 1564 1229 1626; x_wconf 91' lang='lat' dir='ltr'>quem</span> <span class='ocrx_word' id='word_1_69' title='bbox 1251 1565 1311 1626; x_wconf 91' lang='lat' dir='ltr'>per</span> 
     </span>
    </p>
   </div>
   <div class='ocr_carea' id='block_1_8' title="bbox 14 1661 958 1736">
    <p class='ocr_par' dir='ltr' id='par_1_8' title="bbox 14 1661 958 1736">
     <span class='ocr_line' id='line_1_9' title="bbox 14 1661 958 1736; baseline 0 -12"><span class='ocrx_word' id='word_1_70' title='bbox 14 1667 15 1724; x_wconf 72' lang='lat' dir='ltr'>f</span> <span class='ocrx_word' id='word_1_71' title='bbox 126 1664 294 1726; x_wconf 89' lang='lat' dir='ltr'>dedecora</span> <span class='ocrx_word' id='word_1_72' title='bbox 317 1662 442 1736; x_wconf 85' lang='lat' dir='ltr'>lovere,</span> <span class='ocrx_word' id='word_1_73' title='bbox 467 1682 544 1724; x_wconf 90' lang='lat' dir='ltr'>cum</span> <span class='ocrx_word' id='word_1_74' title='bbox 567 1661 693 1724; x_wconf 88' lang='lat' dir='ltr'>scelere</span> <span class='ocrx_word' id='word_1_75' title='bbox 718 1662 958 1726; x_wconf 87' lang='lat' dir='ltr'>insectantur.”</span> 
     </span>
    </p>
   </div>
   <div class='ocr_carea' id='block_1_9' title="bbox 169 1780 1312 1864">
    <p class='ocr_par' dir='ltr' id='par_1_9' title="bbox 169 1780 1312 1864">
     <span class='ocr_line' id='line_1_10' title="bbox 169 1780 1312 1864; baseline 0 -20"><span class='ocrx_word' id='word_1_76' title='bbox 169 1781 247 1863; x_wconf 86' lang='lat' dir='ltr'>Quo</span> <span class='ocrx_word' id='word_1_77' title='bbox 279 1782 349 1844; x_wconf 91' lang='lat' dir='ltr'>iure</span> <span class='ocrx_word' id='word_1_78' title='bbox 373 1789 408 1842; x_wconf 90' lang='lat' dir='ltr'>et</span> <span class='ocrx_word' id='word_1_79' title='bbox 431 1801 500 1863; x_wconf 94' lang='lat' dir='ltr'>quo</span> <span class='ocrx_word' id='word_1_80' title='bbox 523 1801 622 1843; x_wconf 90' lang='lat' dir='ltr'>sensu</span> <span class='ocrx_word' id='word_1_81' title='bbox 647 1781 803 1844; x_wconf 87' lang='lat' dir='ltr'>Tiberius</span> <span class='ocrx_word' id='word_1_82' title='bbox 827 1780 882 1844; x_wconf 89' lang='lat' dir='ltr'>hic</span> <span class='ocrx_word' id='word_1_83' title='bbox 905 1781 970 1844; x_wconf 83' lang='lat' dir='ltr'>sibi</span> <span class='ocrx_word' id='word_1_84' title='bbox 991 1783 1158 1864; x_wconf 78' lang='lat' dir='ltr'>ignoscere</span> <span class='ocrx_word' id='word_1_85' title='bbox 1181 1781 1312 1844; x_wconf 87' lang='lat' dir='ltr'>dicatur</span> 
     </span>
    </p>
   </div>
   <div class='ocr_carea' id='block_1_10' title="bbox 126 1897 1313 2100">
    <p class='ocr_par' dir='ltr' id='par_1_10' title="bbox 126 1897 1313 2100">
     <span class='ocr_line' id='line_1_11' title="bbox 126 1897 1313 1982; baseline -0.001 -19"><span class='ocrx_word' id='word_1_86' title='bbox 126 1901 246 1964; x_wconf 80' lang='lat' dir='ltr'>frustra</span> <span class='ocrx_word' id='word_1_87' title='bbox 276 1920 413 1982; x_wconf 90' lang='lat' dir='ltr'>quaero,</span> <span class='ocrx_word' id='word_1_88' title='bbox 446 1920 556 1982; x_wconf 90' lang='lat' dir='ltr'>neque</span> <span class='ocrx_word' id='word_1_89' title='bbox 588 1898 740 1981; x_wconf 84' lang='lat' dir='ltr'>intelligo</span> <span class='ocrx_word' id='word_1_90' title='bbox 764 1920 832 1981; x_wconf 94' lang='lat' dir='ltr'>quo</span> <span class='ocrx_word' id='word_1_91' title='bbox 858 1901 961 1963; x_wconf 94' lang='lat' dir='ltr'>modo</span> <span class='ocrx_word' id='word_1_92' title='bbox 986 1920 1075 1963; x_wconf 90' lang='lat' dir='ltr'>nunc</span> <span class='ocrx_word' id='word_1_93' title='bbox 1099 1897 1255 1964; x_wconf 89' lang='lat' dir='ltr'>Tiberius</span> <span class='ocrx_word' id='word_1_94' title='bbox 1278 1907 1313 1962; x_wconf 90' lang='lat' dir='ltr'>et</span> 
     </span>
     <span class='ocr_line' id='line_1_12' title="bbox 126 2017 1313 2100; baseline -0.001 -19"><span class='ocrx_word' id='word_1_95' title='bbox 126 2020 227 2081; x_wconf 90' lang='lat' dir='ltr'>ceteri</span> <span class='ocrx_word' id='word_1_96' title='bbox 249 2020 337 2082; x_wconf 92' lang='lat' dir='ltr'>inter</span> <span class='ocrx_word' id='word_1_97' title='bbox 355 2039 391 2081; x_wconf 91' lang='lat' dir='ltr'>se</span> <span class='ocrx_word' id='word_1_98' title='bbox 412 2026 639 2100; x_wconf 87' lang='lat' dir='ltr'>opponantur.</span> <span class='ocrx_word' id='word_1_99' title='bbox 661 2019 713 2081; x_wconf 92' lang='lat' dir='ltr'>De</span> <span class='ocrx_word' id='word_1_100' title='bbox 734 2019 855 2081; x_wconf 89' lang='lat' dir='ltr'>ceteris</span> <span class='ocrx_word' id='word_1_101' title='bbox 871 2027 984 2082; x_wconf 92' lang='lat' dir='ltr'>autem</span> <span class='ocrx_word' id='word_1_102' title='bbox 998 2019 1062 2081; x_wconf 93' lang='lat' dir='ltr'>illis</span> <span class='ocrx_word' id='word_1_103' title='bbox 1075 2020 1156 2100; x_wconf 93' lang='lat' dir='ltr'>quid</span> <span class='ocrx_word' id='word_1_104' title='bbox 1170 2017 1313 2083; x_wconf 79' lang='lat' dir='ltr'>dicitur?</span> 
     </span>
    </p>
   </div>
   <div class='ocr_carea' id='block_1_11' title="bbox 14 2133 1315 2219">
    <p class='ocr_par' dir='ltr' id='par_1_11' title="bbox 14 2133 1315 2219">
     <span class='ocr_line' id='line_1_13' title="bbox 14 2133 1315 2219; baseline -0.001 -17"><span class='ocrx_word' id='word_1_105' title='bbox 14 2133 15 2146; x_wconf 51' lang='lat'>¹</span> <span class='ocrx_word' id='word_1_106' title='bbox 129 2138 283 2202; x_wconf 89' lang='lat' dir='ltr'>Graviter</span> <span class='ocrx_word' id='word_1_107' title='bbox 307 2140 502 2201; x_wconf 89' lang='lat' dir='ltr'>incusantur</span> <span class='ocrx_word' id='word_1_108' title='bbox 524 2138 616 2219; x_wconf 94' lang='lat' dir='ltr'>quod</span> <span class='ocrx_word' id='word_1_109' title='bbox 641 2145 775 2200; x_wconf 88' lang='lat' dir='ltr'>mortuo</span> <span class='ocrx_word' id='word_1_110' title='bbox 800 2137 924 2201; x_wconf 87' lang='lat' dir='ltr'>Seiano</span> <span class='ocrx_word' id='word_1_111' title='bbox 948 2138 1110 2201; x_wconf 90' lang='lat' dir='ltr'>insultent</span> <span class='ocrx_word' id='word_1_112' title='bbox 1134 2139 1168 2202; x_wconf 94' lang='lat' dir='ltr'>in</span> <span class='ocrx_word' id='word_1_113' title='bbox 1192 2139 1315 2202; x_wconf 87' lang='lat' dir='ltr'>iudicia</span> 
     </span>
    </p>
   </div>
   <div class='ocr_carea' id='block_1_12' title="bbox 128 2255 1323 3767">
    <p class='ocr_par' dir='ltr' id='par_1_12' title="bbox 128 2255 1317 2814">
     <span class='ocr_line' id='line_1_14' title="bbox 129 2255 1315 2340; baseline -0.001 -19"><span class='ocrx_word' id='word_1_114' title='bbox 129 2258 337 2321; x_wconf 90' lang='lat' dir='ltr'>adducentes</span> <span class='ocrx_word' id='word_1_115' title='bbox 372 2255 552 2320; x_wconf 86' lang='lat' dir='ltr'>familiares</span> <span class='ocrx_word' id='word_1_116' title='bbox 587 2257 658 2318; x_wconf 89' lang='lat' dir='ltr'>eius</span> <span class='ocrx_word' id='word_1_117' title='bbox 692 2265 935 2338; x_wconf 87' lang='lat' dir='ltr'>cognatosque,</span> <span class='ocrx_word' id='word_1_118' title='bbox 971 2277 1047 2319; x_wconf 92' lang='lat' dir='ltr'>cum</span> <span class='ocrx_word' id='word_1_119' title='bbox 1083 2257 1146 2340; x_wconf 92' lang='lat' dir='ltr'>ipsi</span> <span class='ocrx_word' id='word_1_120' title='bbox 1179 2278 1315 2340; x_wconf 86' lang='lat' dir='ltr'>quoque</span> 
     </span>
     <span class='ocr_line' id='line_1_15' title="bbox 128 2374 1316 2458; baseline 0.001 -20"><span class='ocrx_word' id='word_1_121' title='bbox 128 2375 311 2458; x_wconf 91' lang='lat' dir='ltr'>aliquando</span> <span class='ocrx_word' id='word_1_122' title='bbox 343 2374 456 2441; x_wconf 89' lang='lat' dir='ltr'>Seiani</span> <span class='ocrx_word' id='word_1_123' title='bbox 487 2377 594 2458; x_wconf 89' lang='lat' dir='ltr'>gratia</span> <span class='ocrx_word' id='word_1_124' title='bbox 626 2374 809 2439; x_wconf 87' lang='lat' dir='ltr'>floruerint.</span> <span class='ocrx_word' id='word_1_125' title='bbox 846 2376 899 2438; x_wconf 93' lang='lat' dir='ltr'>De</span> <span class='ocrx_word' id='word_1_126' title='bbox 931 2375 982 2438; x_wconf 92' lang='lat' dir='ltr'>his</span> <span class='ocrx_word' id='word_1_127' title='bbox 1006 2396 1087 2458; x_wconf 88' lang='lat' dir='ltr'>ergo</span> <span class='ocrx_word' id='word_1_128' title='bbox 1110 2376 1155 2438; x_wconf 92' lang='lat' dir='ltr'>ab</span> <span class='ocrx_word' id='word_1_129' title='bbox 1178 2376 1316 2440; x_wconf 90' lang='lat' dir='ltr'>homine</span> 
     </span>
     <span class='ocr_line' id='line_1_16' title="bbox 129 2495 1317 2578; baseline 0 -20"><span class='ocrx_word' id='word_1_130' title='bbox 129 2496 263 2558; x_wconf 89' lang='lat' dir='ltr'>iamiam</span> <span class='ocrx_word' id='word_1_131' title='bbox 287 2495 459 2567; x_wconf 72' lang='lat' dir='ltr'>,morituro</span> <span class='ocrx_word' id='word_1_132' title='bbox 491 2495 601 2577; x_wconf 88' lang='lat' dir='ltr'>gravis</span> <span class='ocrx_word' id='word_1_133' title='bbox 626 2495 863 2578; x_wconf 90' lang='lat' dir='ltr'>pronuntiatur</span> <span class='ocrx_word' id='word_1_134' title='bbox 886 2496 1065 2558; x_wconf 90' lang='lat' dir='ltr'>sententia.</span> <span class='ocrx_word' id='word_1_135' title='bbox 1102 2495 1155 2558; x_wconf 92' lang='lat' dir='ltr'>De</span> <span class='ocrx_word' id='word_1_136' title='bbox 1179 2495 1317 2559; x_wconf 90' lang='lat' dir='ltr'>Tiberio</span> 
     </span>
     <span class='ocr_line' id='line_1_17' title="bbox 129 2611 1315 2696; baseline -0.001 -20"><span class='ocrx_word' id='word_1_137' title='bbox 129 2634 219 2689; x_wconf 91' lang='lat' dir='ltr'>vero,</span> <span class='ocrx_word' id='word_1_138' title='bbox 254 2613 363 2676; x_wconf 90' lang='lat' dir='ltr'>omnis</span> <span class='ocrx_word' id='word_1_139' title='bbox 394 2612 481 2677; x_wconf 91' lang='lat' dir='ltr'>illius</span> <span class='ocrx_word' id='word_1_140' title='bbox 512 2613 673 2696; x_wconf 86' lang='lat' dir='ltr'>perfidiae</span> <span class='ocrx_word' id='word_1_141' title='bbox 705 2621 852 2686; x_wconf 88' lang='lat' dir='ltr'>auctore,</span> <span class='ocrx_word' id='word_1_142' title='bbox 885 2612 966 2693; x_wconf 92' lang='lat' dir='ltr'>quid</span> <span class='ocrx_word' id='word_1_143' title='bbox 998 2611 1130 2686; x_wconf 91' lang='lat' dir='ltr'>dicitur,</span> <span class='ocrx_word' id='word_1_144' title='bbox 1156 2611 1210 2674; x_wconf 90' lang='lat' dir='ltr'>vel</span> <span class='ocrx_word' id='word_1_145' title='bbox 1235 2613 1315 2694; x_wconf 92' lang='lat' dir='ltr'>quid</span> 
     </span>
     <span class='ocr_line' id='line_1_18' title="bbox 130 2729 1316 2814; baseline 0 -19"><span class='ocrx_word' id='word_1_146' title='bbox 130 2742 220 2796; x_wconf 91' lang='lat' dir='ltr'>recte</span> <span class='ocrx_word' id='word_1_147' title='bbox 245 2733 279 2795; x_wconf 92' lang='lat' dir='ltr'>in</span> <span class='ocrx_word' id='word_1_148' title='bbox 303 2731 362 2796; x_wconf 92' lang='lat' dir='ltr'>tali</span> <span class='ocrx_word' id='word_1_149' title='bbox 386 2740 549 2795; x_wconf 88' lang='lat' dir='ltr'>contextu</span> <span class='ocrx_word' id='word_1_150' title='bbox 574 2732 639 2794; x_wconf 92' lang='lat' dir='ltr'>dici</span> <span class='ocrx_word' id='word_1_151' title='bbox 661 2729 795 2814; x_wconf 87' lang='lat' dir='ltr'>potest?</span> <span class='ocrx_word' id='word_1_152' title='bbox 817 2730 919 2806; x_wconf 93' lang='lat' dir='ltr'>Nihil,</span> <span class='ocrx_word' id='word_1_153' title='bbox 940 2740 977 2794; x_wconf 93' lang='lat' dir='ltr'>ut</span> <span class='ocrx_word' id='word_1_154' title='bbox 996 2732 1129 2813; x_wconf 89' lang='lat' dir='ltr'>opinor,</span> <span class='ocrx_word' id='word_1_155' title='bbox 1151 2731 1213 2794; x_wconf 93' lang='lat' dir='ltr'>nisi</span> <span class='ocrx_word' id='word_1_156' title='bbox 1233 2731 1316 2795; x_wconf 90' lang='lat' dir='ltr'>hoc:</span> 
     </span>
    </p>

    <p class='ocr_par' dir='ltr' id='par_1_13' title="bbox 178 2851 1317 2934">
     <span class='ocr_line' id='line_1_19' title="bbox 178 2851 1317 2934; baseline -0.001 -20"><span class='ocrx_word' id='word_1_157' title='bbox 178 2852 331 2934; x_wconf 81' lang='lat' dir='ltr'>„gravius</span> <span class='ocrx_word' id='word_1_158' title='bbox 354 2871 427 2914; x_wconf 89' lang='lat' dir='ltr'>esse</span> <span class='ocrx_word' id='word_1_159' title='bbox 451 2853 521 2913; x_wconf 90' lang='lat' dir='ltr'>eius</span> <span class='ocrx_word' id='word_1_160' title='bbox 544 2851 653 2913; x_wconf 91' lang='lat' dir='ltr'>scelus</span> <span class='ocrx_word' id='word_1_161' title='bbox 676 2871 778 2932; x_wconf 89' lang='lat' dir='ltr'>quam</span> <span class='ocrx_word' id='word_1_162' title='bbox 803 2851 899 2933; x_wconf 92' lang='lat' dir='ltr'>quod</span> <span class='ocrx_word' id='word_1_163' title='bbox 916 2851 1028 2914; x_wconf 91' lang='lat' dir='ltr'>verbis</span> <span class='ocrx_word' id='word_1_164' title='bbox 1048 2853 1157 2915; x_wconf 86' lang='lat' dir='ltr'>notari</span> <span class='ocrx_word' id='word_1_165' title='bbox 1178 2851 1317 2933; x_wconf 88' lang='lat' dir='ltr'>possit.&#39;’</span> 
     </span>
    </p>

    <p class='ocr_par' dir='ltr' id='par_1_14' title="bbox 131 2969 1321 3531">
     <span class='ocr_line' id='line_1_20' title="bbox 175 2969 1319 3052; baseline 0.001 -19"><span class='ocrx_word' id='word_1_166' title='bbox 175 2972 227 3033; x_wconf 93' lang='lat' dir='ltr'>De</span> <span class='ocrx_word' id='word_1_167' title='bbox 259 2971 398 3033; x_wconf 89' lang='lat' dir='ltr'>Tiberio</span> <span class='ocrx_word' id='word_1_168' title='bbox 425 2990 506 3052; x_wconf 89' lang='lat' dir='ltr'>ergo</span> <span class='ocrx_word' id='word_1_169' title='bbox 529 2969 614 3044; x_wconf 89' lang='lat' dir='ltr'>silet,</span> <span class='ocrx_word' id='word_1_170' title='bbox 639 2990 708 3032; x_wconf 91' lang='lat' dir='ltr'>non</span> <span class='ocrx_word' id='word_1_171' title='bbox 733 2971 825 3051; x_wconf 95' lang='lat' dir='ltr'>quod</span> <span class='ocrx_word' id='word_1_172' title='bbox 850 2972 968 3033; x_wconf 89' lang='lat' dir='ltr'>timeat</span> <span class='ocrx_word' id='word_1_173' title='bbox 993 2991 1080 3046; x_wconf 90' lang='lat' dir='ltr'>eum,</span> <span class='ocrx_word' id='word_1_174' title='bbox 1105 2971 1148 3034; x_wconf 90' lang='lat' dir='ltr'>ad</span> <span class='ocrx_word' id='word_1_175' title='bbox 1173 2979 1319 3034; x_wconf 89' lang='lat' dir='ltr'>mortem</span> 
     </span>
     <span class='ocr_line' id='line_1_21' title="bbox 131 3087 1321 3173; baseline 0.003 -22"><span class='ocrx_word' id='word_1_176' title='bbox 131 3089 221 3153; x_wconf 89' lang='lat' dir='ltr'>enim</span> <span class='ocrx_word' id='word_1_177' title='bbox 246 3098 298 3153; x_wconf 91' lang='lat' dir='ltr'>est</span> <span class='ocrx_word' id='word_1_178' title='bbox 323 3098 469 3173; x_wconf 78' lang='lat' dir='ltr'>paratuS,</span> <span class='ocrx_word' id='word_1_179' title='bbox 494 3089 554 3152; x_wconf 89' lang='lat' dir='ltr'>sed</span> <span class='ocrx_word' id='word_1_180' title='bbox 578 3089 658 3170; x_wconf 92' lang='lat' dir='ltr'>quia</span> <span class='ocrx_word' id='word_1_181' title='bbox 681 3087 838 3170; x_wconf 89' lang='lat' dir='ltr'>intelligit</span> <span class='ocrx_word' id='word_1_182' title='bbox 862 3089 916 3151; x_wconf 93' lang='lat' dir='ltr'>hic</span> <span class='ocrx_word' id='word_1_183' title='bbox 936 3089 1027 3152; x_wconf 92' lang='lat' dir='ltr'>omni</span> <span class='ocrx_word' id='word_1_184' title='bbox 1050 3091 1202 3154; x_wconf 89' lang='lat' dir='ltr'>oratione</span> <span class='ocrx_word' id='word_1_185' title='bbox 1222 3090 1321 3154; x_wconf 91' lang='lat' dir='ltr'>silen-</span> 
     </span>
     <span class='ocr_line' id='line_1_22' title="bbox 133 3207 1321 3290; baseline 0.003 -20"><span class='ocrx_word' id='word_1_186' title='bbox 133 3209 216 3272; x_wconf 93' lang='lat' dir='ltr'>tium</span> <span class='ocrx_word' id='word_1_187' title='bbox 249 3209 404 3272; x_wconf 89' lang='lat' dir='ltr'>disertius</span> <span class='ocrx_word' id='word_1_188' title='bbox 437 3228 518 3270; x_wconf 90' lang='lat' dir='ltr'>esse.</span> <span class='ocrx_word' id='word_1_189' title='bbox 555 3208 608 3270; x_wconf 92' lang='lat' dir='ltr'>De</span> <span class='ocrx_word' id='word_1_190' title='bbox 640 3208 760 3269; x_wconf 88' lang='lat' dir='ltr'>ceteris</span> <span class='ocrx_word' id='word_1_191' title='bbox 793 3207 919 3270; x_wconf 89' lang='lat' dir='ltr'>iudicat</span> <span class='ocrx_word' id='word_1_192' title='bbox 947 3207 1028 3290; x_wconf 89' lang='lat' dir='ltr'>ipse,</span> <span class='ocrx_word' id='word_1_193' title='bbox 1053 3209 1229 3274; x_wconf 91' lang='lat' dir='ltr'>Tiberium</span> <span class='ocrx_word' id='word_1_194' title='bbox 1253 3211 1321 3274; x_wconf 90' lang='lat' dir='ltr'>suis</span> 
     </span>
     <span class='ocr_line' id='line_1_23' title="bbox 133 3327 1321 3410; baseline 0.003 -21"><span class='ocrx_word' id='word_1_195' title='bbox 133 3327 244 3410; x_wconf 91' lang='lat' dir='ltr'>ipsum</span> <span class='ocrx_word' id='word_1_196' title='bbox 268 3327 530 3408; x_wconf 87' lang='lat' dir='ltr'>cogitationibus</span> <span class='ocrx_word' id='word_1_197' title='bbox 554 3345 702 3408; x_wconf 89' lang='lat' dir='ltr'>suaeque</span> <span class='ocrx_word' id='word_1_198' title='bbox 722 3327 950 3390; x_wconf 91' lang='lat' dir='ltr'>conscientiae</span> <span class='ocrx_word' id='word_1_199' title='bbox 971 3328 1203 3392; x_wconf 89' lang='lat' dir='ltr'>damnandum</span> <span class='ocrx_word' id='word_1_200' title='bbox 1224 3330 1321 3392; x_wconf 88' lang='lat' dir='ltr'>relin-</span> 
     </span>
     <span class='ocr_line' id='line_1_24' title="bbox 132 3446 1321 3531; baseline 0.002 -21"><span class='ocrx_word' id='word_1_201' title='bbox 132 3449 216 3529; x_wconf 88' lang='lat' dir='ltr'>quit.</span> <span class='ocrx_word' id='word_1_202' title='bbox 253 3447 329 3510; x_wconf 92' lang='lat' dir='ltr'>Hoc</span> <span class='ocrx_word' id='word_1_203' title='bbox 365 3446 575 3521; x_wconf 91' lang='lat' dir='ltr'>habebimus,</span> <span class='ocrx_word' id='word_1_204' title='bbox 611 3447 639 3508; x_wconf 93' lang='lat' dir='ltr'>si</span> <span class='ocrx_word' id='word_1_205' title='bbox 674 3466 735 3529; x_wconf 93' lang='lat' dir='ltr'>pro</span> <span class='ocrx_word' id='word_1_206' title='bbox 771 3447 910 3530; x_wconf 73' lang='lat' dir='ltr'>agnoscit</span> <span class='ocrx_word' id='word_1_207' title='bbox 943 3447 1123 3529; x_wconf 89' lang='lat' dir='ltr'>legerimus</span> <span class='ocrx_word' id='word_1_208' title='bbox 1157 3449 1321 3531; x_wconf 81' lang='lat' dir='ltr'>ignoscat:</span> 
     </span>
    </p>

    <p class='ocr_par' dir='ltr' id='par_1_15' title="bbox 135 3565 1323 3767">
     <span class='ocr_line' id='line_1_25' title="bbox 182 3565 1322 3648; baseline 0 -19"><span class='ocrx_word' id='word_1_209' title='bbox 182 3567 357 3648; x_wconf 75' lang='lat' dir='ltr'>,Tiberius</span> <span class='ocrx_word' id='word_1_210' title='bbox 377 3567 420 3628; x_wconf 91' lang='lat' dir='ltr'>de</span> <span class='ocrx_word' id='word_1_211' title='bbox 440 3586 475 3628; x_wconf 90' lang='lat' dir='ltr'>se</span> <span class='ocrx_word' id='word_1_212' title='bbox 497 3567 570 3648; x_wconf 90' lang='lat' dir='ltr'>ipse</span> <span class='ocrx_word' id='word_1_213' title='bbox 591 3566 723 3640; x_wconf 90' lang='lat' dir='ltr'>viderit,</span> <span class='ocrx_word' id='word_1_214' title='bbox 737 3565 864 3629; x_wconf 86' lang='lat' dir='ltr'>sactum</span> <span class='ocrx_word' id='word_1_215' title='bbox 877 3586 974 3629; x_wconf 93' lang='lat' dir='ltr'>suum</span> <span class='ocrx_word' id='word_1_216' title='bbox 987 3566 1181 3629; x_wconf 89' lang='lat' dir='ltr'>consideret</span> <span class='ocrx_word' id='word_1_217' title='bbox 1193 3575 1227 3628; x_wconf 88' lang='lat' dir='ltr'>et</span> <span class='ocrx_word' id='word_1_218' title='bbox 1240 3586 1322 3648; x_wconf 90' lang='lat' dir='ltr'>quo-</span> 
     </span>
     <span class='ocr_line' id='line_1_26' title="bbox 135 3685 1323 3767; baseline -0.002 -17"><span class='ocrx_word' id='word_1_219' title='bbox 135 3687 240 3750; x_wconf 94' lang='lat' dir='ltr'>modo</span> <span class='ocrx_word' id='word_1_220' title='bbox 260 3686 397 3761; x_wconf 86' lang='lat' dir='ltr'>defendi</span> <span class='ocrx_word' id='word_1_221' title='bbox 418 3685 499 3748; x_wconf 93' lang='lat' dir='ltr'>illud</span> <span class='ocrx_word' id='word_1_222' title='bbox 519 3685 740 3767; x_wconf 87' lang='lat' dir='ltr'>excusarique</span> <span class='ocrx_word' id='word_1_223' title='bbox 761 3686 868 3766; x_wconf 91' lang='lat' dir='ltr'>possit</span> <span class='ocrx_word' id='word_1_224' title='bbox 887 3693 1045 3767; x_wconf 90' lang='lat' dir='ltr'>quaerat:</span> <span class='ocrx_word' id='word_1_225' title='bbox 1059 3705 1127 3748; x_wconf 93' lang='lat' dir='ltr'>non</span> <span class='ocrx_word' id='word_1_226' title='bbox 1140 3685 1323 3749; x_wconf 88' lang='lat' dir='ltr'>inveniet.”</span> 
     </span>
    </p>
   </div>
   <div class='ocr_carea' id='block_1_13' title="bbox 135 3921 1326 4485">
    <p class='ocr_par' dir='ltr' id='par_1_16' title="bbox 135 3921 1325 4106">
     <span class='ocr_line' id='line_1_27' title="bbox 181 3921 1325 4006; baseline -0.001 -18"><span class='ocrx_word' id='word_1_227' title='bbox 181 3925 225 3988; x_wconf 90' lang='lat' dir='ltr'>A.</span> <span class='ocrx_word' id='word_1_228' title='bbox 251 3924 312 3998; x_wconf 91' lang='lat' dir='ltr'>VI,</span> <span class='ocrx_word' id='word_1_229' title='bbox 336 3942 367 4006; x_wconf 89' lang='lat'>9.</span> <span class='ocrx_word' id='word_1_230' title='bbox 395 3922 549 3986; x_wconf 89' lang='lat' dir='ltr'>Vistilius</span> <span class='ocrx_word' id='word_1_231' title='bbox 573 3923 760 4004; x_wconf 90' lang='lat' dir='ltr'>praetorius</span> <span class='ocrx_word' id='word_1_232' title='bbox 783 3921 894 3984; x_wconf 92' lang='lat' dir='ltr'>levem</span> <span class='ocrx_word' id='word_1_233' title='bbox 919 3931 954 3984; x_wconf 90' lang='lat' dir='ltr'>et</span> <span class='ocrx_word' id='word_1_234' title='bbox 978 3921 1118 3985; x_wconf 81' lang='lat' dir='ltr'>sortasse</span> <span class='ocrx_word' id='word_1_235' title='bbox 1142 3921 1256 3988; x_wconf 87' lang='lat' dir='ltr'>fictam</span> <span class='ocrx_word' id='word_1_236' title='bbox 1280 3925 1325 3987; x_wconf 93' lang='lat' dir='ltr'>ob</span> 
     </span>
     <span class='ocr_line' id='line_1_28' title="bbox 135 4063 283 4106; baseline 0 0"><span class='ocrx_word' id='word_1_237' title='bbox 135 4063 283 4106; x_wconf 88' lang='lat' dir='ltr'>causam.</span> 
     </span>
    </p>

    <p class='ocr_par' dir='ltr' id='par_1_17' title="bbox 135 4161 1326 4485">
     <span class='ocr_line' id='line_1_29' title="bbox 186 4161 1325 4246; baseline -0.003 -18"><span class='ocrx_word' id='word_1_238' title='bbox 186 4163 372 4246; x_wconf 82' lang='lat' dir='ltr'>„Convictu</span> <span class='ocrx_word' id='word_1_239' title='bbox 404 4162 567 4245; x_wconf 91' lang='lat' dir='ltr'>principis</span> <span class='ocrx_word' id='word_1_240' title='bbox 598 4161 798 4243; x_wconf 74' lang='lat' dir='ltr'>prohibitus</span> <span class='ocrx_word' id='word_1_241' title='bbox 831 4182 908 4225; x_wconf 91' lang='lat' dir='ltr'>cum</span> <span class='ocrx_word' id='word_1_242' title='bbox 939 4161 1035 4224; x_wconf 92' lang='lat' dir='ltr'>senili</span> <span class='ocrx_word' id='word_1_243' title='bbox 1068 4182 1169 4225; x_wconf 93' lang='lat' dir='ltr'>manu</span> <span class='ocrx_word' id='word_1_244' title='bbox 1202 4161 1325 4225; x_wconf 85' lang='lat' dir='ltr'>ferrum</span> 
     </span>
     <span class='ocr_line' id='line_1_30' title="bbox 135 4281 1326 4367; baseline -0.004 -19"><span class='ocrx_word' id='word_1_245' title='bbox 135 4284 385 4367; x_wconf 89' lang='lat' dir='ltr'>temptavisset,</span> <span class='ocrx_word' id='word_1_246' title='bbox 419 4283 547 4364; x_wconf 92' lang='lat' dir='ltr'>obligat</span> <span class='ocrx_word' id='word_1_247' title='bbox 579 4301 700 4357; x_wconf 87' lang='lat' dir='ltr'>venas;</span> <span class='ocrx_word' id='word_1_248' title='bbox 726 4290 950 4364; x_wconf 88' lang='lat' dir='ltr'>precatusque</span> <span class='ocrx_word' id='word_1_249' title='bbox 974 4301 1034 4363; x_wconf 93' lang='lat' dir='ltr'>per</span> <span class='ocrx_word' id='word_1_250' title='bbox 1058 4281 1242 4358; x_wconf 70' lang='lat' dir='ltr'>codicillos</span> <span class='ocrx_word' id='word_1_251' title='bbox 1266 4282 1326 4343; x_wconf 93' lang='lat' dir='ltr'>im·</span> 
     </span>
     <span class='ocr_line' id='line_1_31' title="bbox 137 4399 737 4485; baseline -0.008 -19"><span class='ocrx_word' id='word_1_252' title='bbox 137 4405 212 4466; x_wconf 86' lang='lat' dir='ltr'>miti</span> <span class='ocrx_word' id='word_1_253' title='bbox 237 4404 411 4485; x_wconf 88' lang='lat' dir='ltr'>rescripto,</span> <span class='ocrx_word' id='word_1_254' title='bbox 437 4421 543 4464; x_wconf 88' lang='lat' dir='ltr'>venas</span> <span class='ocrx_word' id='word_1_255' title='bbox 566 4399 737 4463; x_wconf 87' lang='lat' dir='ltr'>resolvit.’&#39;</span> 
     </span>
    </p>
   </div>
   <div class='ocr_carea' id='block_1_14' title="bbox 0 0 1638 5236">
    <p class='ocr_par' dir='ltr' id='par_1_18' title="bbox 0 0 1638 5236">
     <span class='ocr_line' id='line_1_32' title="bbox 0 0 1638 5236; baseline 0 0"><span class='ocrx_word' id='word_1_256' title='bbox 0 0 1638 5236; x_wconf 95' lang='lat' dir='ltr'> </span> 
     </span>
    </p>
   </div>
  </div>
 </body>
</html>
