3248 5230
685 425 748 506 267

124 607 253 668 animos
285 606 428 668 militum
460 625 563 686 quam
596 605 743 666 maxime
769 605 939 679 incendat,
963 603 1146 685 legendum
1169 621 1315 664 censeo:

125 745 227 806 ,quae
252 745 395 807 usquam
415 725 603 808 praesidia,
627 744 714 806 quae
739 731 849 786 castra
872 731 950 786 sunt
974 743 1003 784 e.
1017 742 1049 804 q.
1063 720 1122 784 s.”.

164 964 208 1026 H.
233 963 260 1039 I,
287 977 338 1044 50.
362 963 487 1028 Occiso
511 963 629 1039 Galba,
651 983 728 1026 cum
749 964 885 1026 nuntius
905 963 949 1025 de
971 959 1099 1024 Vitellii
1121 959 1313 1022 defectione

122 1103 180 1165 per
203 1085 323 1146 urbem
347 1083 622 1166 percrebruisset,
643 1083 864 1146 vehementer
882 1081 1027 1145 afflictae
1048 1087 1144 1143 erant
1162 1080 1313 1142 omnium

124 1211 269 1266 mentes:

169 1322 283 1402 ,Duos
311 1321 464 1385 omnium
489 1321 682 1384 mortalium
706 1321 917 1404 impudicitia
941 1320 1077 1402 ignavia
1100 1319 1232 1382 luxuria
1255 1320 1312 1381 de-

122 1441 276 1504 terrimos
300 1441 391 1506 velut
415 1442 458 1504 ad
484 1442 696 1523 perdendum
720 1442 899 1522 imperium
923 1439 1070 1503 fataliter
1093 1439 1220 1503 clectos
1244 1458 1312 1502 non

122 1569 257 1634 senatus
281 1561 443 1624 modoet
468 1580 581 1642 eques,
606 1562 681 1642 quis
704 1561 817 1643 aliqua
841 1581 918 1644 pars
943 1569 977 1624 et
997 1581 1077 1624 cura
1097 1559 1312 1642 reipublicae,

123 1680 181 1742 sed
208 1679 327 1762 vulgus
352 1700 489 1763 quoque
513 1680 625 1764 palam
650 1680 832 1744 maerere.’'

166 1801 273 1864 Totus
297 1801 362 1864 loci
387 1821 561 1865 connexus
586 1802 818 1864 huiuscemodi
843 1809 909 1864 est:
932 1809 1079 1884 tempus,
1099 1801 1191 1882 quod
1212 1801 1315 1864 insta·

123 1921 190 1996 bat,
215 1921 346 1984 civibus
369 1920 477 1984 multo
496 1922 624 1984 tristius
643 1921 824 1985 videbatur
844 1941 912 1984 non
933 1922 1042 1985 solum
1061 1940 1163 2002 quam
1185 1919 1314 1984 Galbae

122 2039 202 2102 illud
226 2041 327 2124 (cum,
352 2040 430 2104 licet
455 2040 581 2104 bellum
606 2061 673 2105 non
698 2049 797 2117 esset,
821 2049 873 2104 tot
897 2051 1012 2105 tamen
1037 2042 1156 2104 tierent
1175 2040 1314 2124 scelera)

123 2161 181 2224 sed
213 2161 317 2224 etiam
350 2179 453 2243 quam
486 2161 559 2242 ipsa
591 2159 757 2224 bellorum
788 2160 937 2224 civilium
970 2169 1080 2224 aetas:
1112 2181 1190 2224 nam
1221 2169 1313 2236 tunc,

125 2281 317 2362 quicunque
341 2300 500 2343 evasurus
524 2289 613 2343 esset
637 2281 804 2362 princeps,
825 2280 891 2343 hoc
910 2289 1025 2344 tamen
1045 2281 1225 2343 constabat
1242 2279 1314 2342 fore

127 2419 202 2464 eum
235 2400 344 2463 virum
379 2401 436 2481 qui
472 2401 716 2482 rempublicam
748 2420 864 2482 regere
896 2408 1028 2482 posset;
1064 2408 1099 2463 at
1131 2418 1220 2462 nunc
1251 2399 1316 2462 hoc

127 2540 229 2582 unum
264 2519 418 2582 sciebant
450 2518 605 2582 homines
640 2520 863 2599 „deteriorem
887 2518 969 2594 fore,
993 2519 1051 2600 qui
1076 2517 1244 2581 vicisset.”
1270 2517 1318 2582 At

127 2658 214 2701 nunc
247 2658 311 2721 ego
342 2639 376 2700 in
408 2659 503 2714 voce,
536 2658 624 2719 quae
649 2647 700 2701 est
724 2657 874 2703 maerere
896 2639 1035 2713 haereo;
1060 2659 1127 2701 non
1153 2638 1255 2713 enim,
1279 2645 1317 2700 ut

126 2759 257 2840 opinor,
275 2769 436 2841 praesens
460 2758 585 2821 malum
611 2779 809 2834 maeremuS,
834 2759 893 2820 sed
908 2758 1130 2840 praeteritam
1151 2757 1316 2820 conditio·

124 2898 213 2954 nem,
245 2879 416 2960 praesenti
448 2877 633 2941 meliorem.
667 2877 759 2961 Ergo
790 2886 849 2941 aut
880 2877 1027 2952 Tacitus
1060 2897 1137 2940 cum
1161 2875 1317 2940 homines

126 2997 167 3060 de
187 2999 360 3080 praesenti
380 3007 535 3080 tempore
555 2999 746 3080 cogitantes
765 2999 904 3073 inducit,
926 2999 992 3060 iam
1005 2999 1119 3061 animo
1133 2998 1316 3080 praesumit

126 3124 272 3200 tempus,
306 3137 374 3199 quo
398 3119 589 3199 praesentia
614 3119 865 3200 praeteritaque
889 3118 976 3180 inter
998 3138 1034 3181 se
1059 3118 1316 3201 comparabunt,

127 3237 273 3319 ideoque
296 3257 446 3300 maerere
469 3237 582 3319 posuit
606 3237 663 3299 ubi
687 3238 797 3319 quivis
822 3237 905 3301 alius
928 3239 1103 3322 indzgnari
1121 3247 1209 3302 esset
1230 3239 1318 3321 posi·

128 3365 231 3432 turuS,
263 3364 331 3430 aut,
366 3356 398 3418 id
431 3357 522 3438 quod
555 3356 662 3419 multo
694 3355 915 3432 verisimilius
940 3377 1048 3440 pauca
1071 3359 1239 3439 quaedam
1264 3357 1318 3420 hic

129 3475 328 3538 exciderunt
359 3482 462 3556 atque
493 3475 540 3537 sic
571 3475 742 3557 explenda
773 3475 909 3540 lacuna:
938 3478 1015 3558 ,sed
1041 3477 1318 3561 vulgusquoque

129 3595 319 3677 <indignari
344 3603 379 3658 et
403 3595 539 3678 priora>
564 3595 676 3677 palam
702 3595 886 3659 maerere.’'

171 3831 215 3895 H.
241 3831 266 3908 1,
295 3834 345 3914 58.
371 3833 519 3915 Imperio
542 3834 585 3896 ad
612 3833 787 3897 Vitellium
808 3836 923 3899 delato
944 3837 1093 3918 protervi
1116 3836 1239 3900 milites
1259 3838 1318 3901 du·

127 3972 204 4016 cum
225 3954 441 4035 quorundam
460 3954 524 4016 sibi
545 3954 728 4017 invisorum
742 3975 888 4037 poenam
903 3956 1093 4039 postulant;
1107 3966 1187 4021 ante
1200 3979 1319 4022 omnes

127 4073 206 4136 dedi
238 4073 302 4135 sibi
335 4073 456 4136 Iulium
488 4073 690 4149 Bardonem,
715 4073 937 4140 Germanicae
960 4077 1075 4140 classis
1099 4076 1319 4159 praelectum,

128 4193 172 4257 ad
205 4192 409 4275 supplicium
442 4193 610 4276 flagitant:
642 4193 720 4257 huic
745 4195 834 4256 enim
860 4197 1058 4278 praesertim
1082 4197 1165 4281 vitio
1190 4196 1319 4259 dabant

130 4311 255 4375 Fontei
287 4310 473 4394 Capitonis,
505 4312 684 4395 gratissimi
717 4314 822 4388 duciS,
856 4315 1038 4379 interitum.
1063 4316 1113 4378 At
1137 4313 1216 4378 dolo
1241 4333 1318 4377 eum

131 4431 274 4494 militum
298 4431 459 4494 saevitiae
483 4430 649 4494 subtrahit
674 4431 848 4495 Vitellius:
