3248 5230
663 421 726 503 287

7 679 8 682 Ἴ
96 603 276 678 praeterea
305 596 443 660 affertur
473 597 565 661 Anu.
590 598 651 673 VI,
675 616 728 677 40,
760 600 793 662 in
819 620 959 663 numero
982 601 1145 665 alterutro
1169 603 1288 665 vitium

95 713 302 794 typothetae
325 714 431 779 latere
456 716 599 779 videtur.

144 950 187 1014 H.
209 950 253 1028 V,
271 971 302 1032 4.
328 953 380 1015 De
402 954 551 1016 moribus
572 955 774 1019 Iudaeorum
794 965 829 1019 et
849 956 914 1020 alia
934 967 968 1020 et
987 957 1072 1020 haec
1092 960 1286 1022 traduntur:

146 1071 322 1154 „Longam
354 1072 435 1136 olim
466 1074 590 1138 famem
622 1074 748 1138 crebris
775 1075 886 1139 adhuc
909 1077 1042 1140 ieiuniis
1065 1076 1228 1155 fatentur;
1253 1087 1289 1142 et

93 1199 270 1274 raptarum
294 1192 426 1275 frugum
451 1202 687 1276 argumentum
712 1195 809 1277 panis
832 1196 989 1259 Iudaicus
1008 1196 1101 1260 nullo
1121 1196 1288 1260 fermento

94 1310 290 1374 detinetur”
311 1310 343 1394 ¹).

106 1453 111 1458 ·
142 1430 220 1494 Nou
253 1453 405 1514 repugno
437 1435 618 1515 quominus
647 1432 813 1496 vocabula
836 1455 869 1516 q.
890 1455 915 1497 s.
939 1447 1119 1518 raptarum
1134 1438 1286 1519 frugum

92 1550 141 1612 sic
170 1551 433 1634 interpretemur
456 1561 493 1616 ut
517 1553 556 1615 iis
579 1553 788 1635 significetur
812 1555 984 1635 quondam
1010 1554 1154 1618 ludaeos
1177 1554 1288 1637 fruges

91 1669 181 1732 sicut
205 1689 261 1732 eas
285 1671 328 1733 de
352 1691 434 1754 agro
454 1680 638 1754 rapuerant
657 1672 857 1748 comedisse,
878 1693 940 1735 nec
961 1673 1050 1736 lacta
1069 1674 1148 1737 inde
1170 1673 1287 1749 farina,

92 1808 157 1850 nec
177 1790 283 1852 coctis
303 1788 366 1852 illis
386 1790 496 1854 aliove
517 1792 620 1854 modo
641 1791 799 1854 subactis.
825 1791 954 1855 Verum
975 1793 1078 1875 ipsius
1099 1793 1145 1856 rei
1159 1796 1288 1857 mentio

93 1907 127 1970 in
158 1909 441 1992 praecedentibus
473 1909 562 1974 facta
593 1931 665 1973 esse
698 1911 864 1986 debebat;
897 1919 932 1974 at
963 1920 1015 1975 est
1046 1913 1088 1976 de
1116 1933 1157 1976 ea
1180 1913 1287 1977 altum

92 2027 276 2105 silentium,
308 2049 371 2092 nec
404 2029 513 2092 minus
545 2031 588 2092 de
619 2029 722 2112 longa
753 2029 809 2092 illa
839 2029 938 2093 fame.
971 2028 1188 2114 Quapropter
1218 2052 1286 2094 non

91 2149 167 2211 sine
197 2169 298 2212 causa
321 2149 473 2232 suspicor
497 2170 515 2212 e
540 2169 568 2213 c.
593 2149 812 2233 praecedenti
837 2150 1003 2213 excidisse
1028 2151 1213 2232 quaedam;
1237 2161 1287 2215 at·

91 2287 161 2349 que
193 2277 306 2331 exstat
337 2269 383 2331 ibi
415 2268 509 2332 locus
529 2269 619 2332 haud
645 2268 747 2333 dubie
771 2268 959 2333 lacunosus.
986 2269 1170 2352 Postquam
1194 2271 1285 2334 enim

91 2395 265 2450 narratum
289 2396 349 2463 est,
370 2407 436 2468 qua
456 2386 660 2450 allocutione
682 2389 820 2470 Moyses
840 2387 967 2451 solatus
986 2389 1030 2488 sit
1050 2389 1170 2472 vulgus
1182 2391 1286 2453 vastis

89 2505 248 2569 relictum
273 2507 364 2583 locis,
389 2506 473 2570 haec
497 2516 701 2588 sequuntur:

140 2627 346 2707 „Assensere
377 2635 479 2709 atque
512 2627 663 2690 omnium
691 2627 797 2709 ignari
822 2626 998 2690 fortuitum
1022 2628 1086 2690 iter
1108 2628 1284 2711 incipiunt.

89 2745 160 2810 Sed
185 2745 267 2809 nihil
291 2766 399 2827 aeque
424 2766 526 2828 quam
552 2747 667 2830 inopia
690 2765 797 2828 aquae
822 2745 1022 2828 fatigabat.”

136 2866 190 2928 De
221 2866 294 2929 aliis
323 2867 493 2929 aerumnis
524 2866 592 2929 iam
623 2865 773 2928 locutum
804 2886 876 2928 esse
900 2866 1067 2941 Tacitum,
1099 2886 1177 2930 cum
1200 2866 1282 2931 illud

88 2985 152 3048 sed
171 2985 260 3049 nihil
279 3006 309 3048 e.
334 3005 367 3068 q.
392 3006 418 3048 s.
443 2993 597 3068 poneret,
622 2984 703 3047 mihi
728 2984 866 3066 quidem
891 2993 1035 3049 constat.

137 3104 315 3167 Praeterea
335 3123 397 3188 pro
416 3105 581 3168 detinetur
603 3112 718 3167 nostro
737 3103 814 3167 loco
833 3105 997 3169 retinetur
1015 3104 1197 3187 legendum
1215 3115 1282 3170 est:

88 3225 276 3288 retinentur
295 3226 385 3287 enim
405 3244 466 3286 eae
487 3244 549 3299 res,
570 3224 693 3305 quibus
712 3225 873 3307 pristinae
885 3226 932 3287 rei
944 3235 1097 3290 servatur
1110 3228 1282 3292 memoria.

134 3463 178 3525 H.
204 3462 247 3538 V,
271 3476 299 3543 5.
333 3463 535 3526 ludaeorum
568 3462 686 3544 religio
718 3472 883 3544 quantum
915 3463 1048 3527 differat
1071 3464 1115 3527 ab
1139 3465 1280 3549 Aegyp·

85 3583 212 3645 tiorum
237 3580 291 3644 vel
316 3583 463 3644 maxime
488 3581 566 3644 hinc
591 3589 752 3664 apparet:

134 3699 321 3783 „Aegyptii
351 3701 514 3783 pleraque
546 3700 704 3763 animalia
728 3700 923 3780 effigiesque
947 3702 1154 3782 compositas
1179 3723 1280 3767 vene·

84 3829 218 3895 rantur;
245 3819 361 3882 ludaei
386 3828 500 3882 mente
524 3819 596 3882 sola
620 3838 791 3899 unumque
815 3837 940 3880 numen
962 3818 1180 3902 intellegunt:
1202 3844 1278 3905 pro·

82 3938 191 4013 sanos,
215 3939 273 4019 qui
297 3941 399 4002 deum
423 3940 587 4021 imagines
611 3936 809 4002 mortalibus
833 3938 982 4000 materiis
1006 3939 1039 4002 in
1063 3941 1194 4022 species
1217 3943 1276 4006 ho·

83 4059 214 4121 minum
238 4057 416 4140 effingant:
442 4079 611 4122 summum
630 4057 711 4121 illud
733 4065 767 4120 et
787 4065 962 4120 aeternum
983 4078 1094 4141 neque
1115 4062 1278 4126 imitabile

82 4198 196 4261 neque
220 4177 468 4242 interiturum.”

93 4341 288 4354 nnn—una—

117 4437 145 4504 1)
165 4437 196 4486 ln
215 4435 329 4501 imagine
347 4436 445 4487 codicis
464 4439 636 4504 phototypiea
654 4439 707 4503 legi
726 4439 822 4504 nequit
841 4438 883 4488 hie
902 4440 984 4490 locus.
