3258 5240
908 390 947 455 32

327 552 497 636 pericula.
512 601 520 615 .
534 601 564 615 ..
585 551 672 616 Cur?
692 551 780 634 Quia
801 553 905 617 habet
925 553 1063 635 aliquid,
1084 554 1177 635 quod
1198 573 1309 635 neque
1329 553 1422 615 Nero
1435 550 1521 614 serre

328 694 438 755 neque
462 674 534 755 ipse
558 675 730 754 deponere
756 674 822 736 iam
843 673 960 755 possit.
982 673 1054 735 Iam
1076 673 1155 735 inde
1175 671 1219 734 ab
1239 670 1346 734 Actes
1365 678 1521 752 tempore

328 792 437 874 (XIII,
475 793 535 873 12),
568 793 601 854 in
630 813 747 855 eorum
772 791 880 855 suerat
903 811 1055 866 numero,
1078 792 1280 873 quibuscum
1305 791 1398 853 Nero
1421 791 1523 872 genio

328 911 502 993 indulgere
521 911 665 974 solebat.
688 911 781 993 Ergo
801 909 876 994 plus
896 911 1061 974 tredecim
1081 912 1160 974 anni
1177 918 1255 974 sunt
1268 931 1311 972 ex
1324 930 1393 991 quo
1406 911 1525 974 retinet

328 1033 554 1115 speciem...
586 1031 681 1093 cuius
712 1028 781 1093 rei?
813 1030 996 1094 Libertatis
1026 1031 1148 1113 opinor
1177 1039 1212 1093 et
1236 1028 1420 1107 παρρησίας.
1446 1029 1525 1092 Non

328 1159 464 1234 poterat
494 1151 656 1213 adversus
688 1151 861 1213 Neronem
893 1150 1039 1213 aulicum
1071 1170 1181 1233 agere,
1215 1150 1275 1213 sed
1300 1150 1466 1231 quidquid
1493 1149 1527 1211 in

330 1279 480 1333 mentem
504 1269 664 1332 veniebat
687 1269 793 1332 libere
818 1270 1095 1352 proloquebatur,
1121 1270 1310 1333 identidem
1334 1270 1437 1332 etiam
1460 1269 1527 1331 Ne·

329 1409 447 1453 ronem
468 1389 671 1470 obiurgabat
689 1388 947 1470 deridebatque,
961 1409 1105 1471 seroque
1118 1390 1166 1451 sic
1179 1390 1335 1452 odiosum
1348 1407 1384 1451 se
1398 1389 1526 1452 Neroni

308 1514 457 1572 'lactum
488 1509 639 1590 agnovit.
673 1508 810 1590 Ergone
843 1529 905 1589 pro
936 1509 1102 1572 amicitiae
1134 1508 1316 1590 legendum
1340 1508 1527 1572 libertatis?

332 1631 410 1693 Non
431 1630 563 1711 opinor,
584 1647 792 1711 quamquam
811 1629 859 1691 sic
880 1649 947 1692 non
968 1629 1203 1692 incredibilem
1222 1629 1359 1692 librario
1376 1649 1525 1692 errorem

332 1750 621 1832 imputaverimus
647 1749 823 1811 Eiusmodi
848 1750 939 1812 enim
963 1748 1056 1812 locus
1080 1757 1193 1811 estut
1218 1769 1286 1810 vox
1309 1749 1457 1812 amicitia
1478 1749 1527 1811 in-

331 1869 536 1952 tempestive
568 1869 597 1930 ei
629 1869 663 1930 in
696 1876 845 1930 mentem
873 1868 988 1930 venire
1012 1867 1172 1949 potuerit.
1198 1866 1277 1942 Sed,
1303 1868 1365 1930 nisi
1390 1887 1446 1930 me
1469 1866 1528 1930 sal-

333 1989 406 2052 lunt
438 1989 562 2062 omnia,
593 1987 728 2070 speciem
755 1988 922 2051 amicitiae
945 1987 1027 2050 illud
1054 1988 1164 2069 ipsum
1189 1986 1377 2069 significare
1402 1996 1528 2069 potest.

334 2105 455 2170 Servat
480 2105 624 2170 Senecio
649 2106 683 2168 id
707 2107 800 2188 quod
826 2107 859 2168 in
883 2107 1033 2169 amicitia
1057 2107 1205 2169 maxime
1229 2107 1367 2180 eminet,
1392 2126 1435 2168 ex
1459 2127 1529 2187 quo

333 2227 449 2290 statim
470 2225 685 2308 agnoscimus
705 2225 792 2288 inter
812 2226 980 2307 quosdam
1001 2226 1155 2288 homines
1175 2245 1248 2289 esse
1264 2225 1434 2307 peculiare
1447 2224 1529 2287 illud

335 2346 504 2410 amicitiae
541 2345 727 2408 vinculum:
759 2345 923 2407 incuriam
954 2346 1126 2426 quandam
1156 2346 1243 2420 dic0,
1276 2344 1532 2427 negligentiam,

333 2467 498 2530 sermonis
518 2466 722 2529 libertatem.
744 2464 965 2528 Conferamus
985 2486 1072 2547 quae
1093 2485 1122 2528 c.
1136 2463 1177 2528 68
1192 2465 1235 2527 de
1249 2465 1394 2526 Vestino
1413 2463 1531 2546 legun-

333 2595 405 2650 tur:
436 2585 616 2668 apparebit
650 2605 702 2648 me
735 2594 770 2647 et
801 2593 911 2647 totum
944 2563 1203 2649 de'Senecione
1227 2583 1340 2648 locum
1364 2593 1399 2647 et
1423 2583 1530 2646 verba

333 2707 468 2789 speciem
491 2705 658 2768 amicitiae
680 2702 769 2765 bene
793 2702 993 2766 illustrasse:

380 2825 631 2908 Opperiebatur
663 2823 765 2898 Ner0,
795 2832 832 2885 ut
856 2823 1019 2886 Vestinus
1042 2843 1178 2905 quoque
1202 2823 1319 2887 consul
1343 2824 1376 2886 in
1401 2823 1528 2886 crimen

337 2945 536 3018 traheretur,
568 2941 755 3004 violentum
786 2951 821 3004 et
852 2941 1018 3005 infensum
1051 2952 1158 3006 ratus:
1192 2943 1250 3006 sed
1279 2964 1324 3006 ex
1347 2943 1531 3006 coniuratis

337 3064 477 3128 consilia
502 3083 579 3126 cum
600 3060 745 3124 Vestino
766 3081 834 3124 non
855 3062 1057 3124 miscuerant
1078 3062 1217 3143 quidam
1238 3062 1380 3125 vetustis
1400 3063 1433 3124 in
1454 3082 1532 3125 eum

336 3181 573 3256 simultatibus,
597 3180 720 3263 plures,
743 3181 823 3261 quia
846 3181 1068 3262 praecipitem
1096 3189 1130 3243 et
1151 3182 1382 3245 insociabilem
1404 3189 1533 3244 metue·

339 3303 431 3365 bant.
464 3300 622 3367 Ceterum
656 3299 783 3362 Neroni
816 3298 933 3362 odium
957 3299 1119 3362 adversus
1143 3300 1323 3364 Vestinum
1347 3322 1389 3364 ex
1411 3303 1531 3364 intima

338 3423 513 3486 sodalitate
545 3428 716 3502 coeperat,
749 3419 830 3482 dum
859 3420 912 3482 hic
937 3419 1108 3501 ignaviam
1133 3421 1294 3503 principis
1317 3422 1452 3504 penitus
1476 3441 1532 3484 co-

338 3543 466 3625 gnitam
488 3540 643 3622 despicit,
664 3539 720 3601 ille
732 3540 901 3622 ferociam
921 3539 1022 3602 amici
1034 3541 1165 3615 metuit,
1177 3561 1280 3623 saepe
1293 3542 1423 3624 asperis
1434 3543 1531 3624 sace-

337 3663 394 3726 tiis
428 3662 555 3735 illusus,
591 3679 678 3741 quae
714 3658 770 3721 ubi
807 3659 950 3722 multum
986 3679 1030 3721 ex
1066 3680 1146 3723 vero
1173 3668 1317 3736 traxere,
1343 3680 1455 3724 acrem
1480 3662 1531 3723 sui

337 3783 536 3846 memoriam
560 3780 764 3861 relinquunt.

382 3898 416 3961 A
447 3899 690 3973 coniuratione,
715 3920 802 3982 quae
827 3899 954 3963 Neroni
979 3921 1096 3964 revera
1120 3900 1209 3964 lacta
1233 3910 1295 3976 est,
1319 3910 1532 3964 transeamus
1588 3929 1589 3937 ¹

339 4020 383 4084 ad
408 4019 555 4094 insidias,
580 4039 664 4100 quas
683 4019 821 4082 Tiberio
841 4027 985 4083 structas
1005 4021 1167 4083 mentitus
1188 4029 1238 4083 est
1259 4022 1424 4103 pessimus
1444 4041 1534 4084 mor·
1587 4037 1588 4072 t

339 4139 468 4203 talium.
488 4139 541 4201 De
562 4138 691 4202 Firmio
712 4139 797 4203 Cato
819 4139 961 4202 Libonis
981 4140 1081 4202 Drusi
1102 4139 1346 4203 calumniatore
1362 4141 1533 4222 quaedam
1586 4163 1587 4203 1

340 4259 374 4321 in
399 4257 549 4320 medium
573 4256 752 4340 proferam.
778 4258 846 4321 Res
865 4278 886 4321 a
905 4258 1026 4321 Tacito
1046 4259 1093 4321 sic
1115 4259 1373 4342 narratur(Ann.
1395 4261 1440 4336 11,
1464 4262 1532 4343 27l:
1585 4261 1586 4337 l

386 4377 532 4440 Firmius
552 4376 654 4440 Catus
674 4387 821 4452 senator,
842 4398 885 4440 ex
904 4377 1023 4440 intima
1044 4377 1185 4441 Libonis
1202 4380 1360 4454 amicitia,
1375 4379 1533 4442 iuvenem
