3248 5230
695 463 759 532 279

127 647 256 690 novum
289 627 502 692 Cimbrorum
533 628 795 710 Teutonumque
826 627 952 691 bellum
986 627 1150 691 Romanis
1172 626 1322 689 excitare

10 835 16 846 ι
125 747 345 811 studentem?
378 749 482 831 Lege,
508 757 545 812 ut
569 749 683 812 omnia
707 758 799 812 recte
823 747 1012 831 procedant
1035 755 1069 810 et
1092 746 1240 828 aliquam
1264 744 1322 808 ha·

124 867 232 931 beant
256 868 325 931 veri
350 869 517 952 speciem:
546 868 691 950 ,Gallias
715 877 750 931 et
770 868 939 931 exercitus
960 867 1161 931 Germaniae
1182 886 1322 929 novum-

126 1007 196 1069 que
228 987 355 1051 bellum
387 988 523 1051 cieret.”
557 989 633 1051 Hoc
663 987 791 1051 homini
817 995 954 1050 strenuo
978 1007 1040 1049 nec
1064 994 1179 1048 tamen
1203 986 1322 1048 insano

127 1107 164 1168 in
190 1115 339 1170 mentem
364 1107 480 1170 venire
504 1115 633 1191 potest:
658 1116 695 1169 ut
714 1109 756 1170 ad
777 1105 1011 1170 rebellandum
1030 1105 1179 1168 adducat
1197 1102 1322 1179 Gallos,

128 1226 158 1289 si
192 1247 259 1290 non
291 1247 409 1291 omnes
439 1236 475 1291 at
507 1227 637 1309 aliquas
668 1228 838 1301 nationes,
870 1233 905 1290 et
936 1246 955 1288 a
988 1224 1110 1288 Rheno
1142 1224 1258 1308 copias
1289 1223 1322 1285 in

133 1345 267 1409 Italiam
291 1345 434 1411 alliciat:
459 1347 507 1410 sic
530 1366 657 1409 novum
681 1354 849 1427 atroxque
872 1343 999 1407 bellum
1022 1343 1156 1406 existet.

180 1585 223 1649 H.
247 1586 309 1662 III,
332 1586 387 1666 46.
413 1586 507 1661 Daci,
529 1585 671 1686 ardente
692 1585 726 1647 in
748 1583 846 1647 Italia
864 1582 965 1659 bello,
984 1582 1135 1646 abducto
1154 1601 1173 1643 e
1193 1580 1324 1644 Moesia

131 1706 301 1768 exercitu:

180 1826 403 1909 ,expugnatis
423 1825 614 1889 cohortium
634 1821 831 1906 alarumque
851 1822 1000 1885 hibernis
1020 1829 1162 1903 utraque
1176 1821 1323 1884 Danuvii

130 1947 205 2029 ripa
225 1946 454 2028 potiebantur,
475 1946 611 2028 iamque
631 1953 742 2008 castra
761 1944 932 2027 legionum
952 1943 1134 2006 excindere
1147 1941 1324 2025 parabant,

130 2066 165 2129 ni
195 2065 372 2129 Mucianus
395 2075 527 2130 sextam
551 2065 722 2148 legionem
746 2063 970 2148 opposuisset,
996 2062 1233 2126 Cremonensis
1256 2063 1325 2125 vic·

127 2185 238 2248 toriae
268 2204 402 2266 gnarus,
433 2205 472 2248 ac
504 2205 547 2247 ne
579 2193 721 2247 externa
753 2182 859 2246 moles
890 2183 1060 2265 utrimque
1092 2183 1273 2264 ingrueret,
1297 2181 1324 2245 si

130 2307 246 2368 Dacus
271 2304 527 2386 Germanusque
551 2305 676 2368 diversi
700 2303 929 2385 irrupissent.”

179 2423 245 2486 Hic
276 2444 341 2507 ego
372 2444 449 2488 cum
482 2424 700 2487 Viirtheimio
732 2442 807 2486 meo
840 2422 950 2485 lacere
981 2431 1118 2504 paratus
1147 2443 1232 2498 sum,
1263 2443 1325 2506 pro

126 2565 264 2628 guarus
299 2544 492 2608 coniicienti
527 2545 687 2627 ignarus:
728 2543 818 2626 apud
855 2541 1058 2606 Cremonam
1093 2541 1212 2605 vicisse
1247 2562 1326 2605 suos

130 2664 313 2746 ignorabat
332 2664 435 2727 etiam
456 2663 644 2737 Mucianus,
665 2681 733 2743 quo
754 2661 861 2742 magis
880 2659 962 2724 illud
983 2679 1003 2723 a
1023 2659 1125 2723 Dacis
1146 2661 1326 2724 imminens

130 2784 330 2867 periculum,
352 2792 472 2867 utpote
492 2783 526 2846 in
547 2803 582 2846 re
603 2782 752 2864 ancipiti,
775 2781 960 2844 metuebat.
986 2780 1065 2843 Non
1085 2780 1167 2862 quin
1188 2788 1222 2843 et
1242 2800 1325 2843 nun-

129 2903 200 2967 tius
235 2903 278 2966 de
314 2903 401 2966 felici
436 2902 523 2966 illius
557 2921 693 2986 pugnae
729 2899 823 2964 exitu
856 2900 1051 2963 Mucianum
1082 2919 1124 2962 eo
1156 2898 1326 2963 adducere

131 3025 283 3108 potuerit
314 3033 351 3088 ut
381 3025 484 3089 Dacis
514 3023 652 3087 obviam
683 3022 765 3085 iret:
797 3021 926 3084 sciebat
957 3021 1048 3083 enim
1080 3019 1207 3084 nullam
1237 3039 1325 3083 nunc

131 3164 270 3207 causam
294 3163 367 3206 esse
391 3163 451 3206 cur
474 3163 551 3206 cum
575 3142 683 3224 copiis
702 3143 770 3204 suis
790 3141 823 3202 in
844 3139 977 3210 Italiam
998 3149 1206 3224 properaret,
1228 3138 1325 3204 hoste

126 3264 180 3326 ibi
212 3283 232 3326 a
263 3264 433 3347 praesenti
465 3263 616 3326 exercitu
650 3260 815 3324 Flaviano
848 3261 914 3324 iam
947 3259 1138 3343 profligato.
1171 3259 1239 3325 Sed
1265 3281 1328 3343 pro

137 3383 280 3462 ,certior
304 3382 411 3445 lactus
432 3382 475 3445 de
495 3381 716 3446 Cremonensi
735 3379 899 3443 victoria”
921 3380 1043 3443 Latine
1062 3381 1121 3442 vix
1140 3380 1206 3442 dici
1227 3399 1327 3463 posse

133 3503 286 3566 videtur:
315 3501 572 3582 ,Cremonensis
594 3503 758 3565 victoriae
782 3500 939 3583 gnarus.”

180 3742 224 3804 H.
246 3741 308 3816 111,
331 3755 382 3822 50.
411 3739 608 3825 „(Flaviani)
634 3740 802 3804 exercitus
826 3739 996 3820 ducesque
1020 3738 1063 3801 ad
1088 3737 1219 3802 Fanum
1245 3741 1328 3803 For·

133 3871 237 3925 tunae
267 3863 332 3924 iter
353 3861 485 3936 sistunt,
510 3860 554 3923 de
577 3879 708 3922 summa
732 3877 842 3920 rerum
866 3864 1074 3931 cunctantes,
1100 3859 1192 3939 quod
1218 3866 1327 3921 motas

133 4003 177 4046 ex
214 3981 297 4044 urbe
333 3980 520 4063 praetorias
554 3979 712 4042 cohortes
744 3978 919 4040 audierant
949 3985 983 4040 et
1015 3979 1123 4040 teneri
1153 3979 1328 4061 praesidiis

133 4102 357 4186 Apenninum
383 4100 559 4175 rebantur,
586 4107 620 4162 et
640 4099 733 4181 ipsos
753 4099 787 4161 in
807 4099 945 4181 regione
966 4098 1056 4162 bello
1076 4099 1192 4162 attrita
1211 4099 1328 4181 inopia

132 4232 167 4285 et
200 4221 382 4284 seditiosae
415 4219 559 4282 militum
591 4237 693 4280 voces
724 4218 914 4294 terrebant,
947 4218 1129 4282 clavarium
1161 4219 1326 4301 (donativi

133 4361 260 4406 nomen
285 4343 348 4424 est)
373 4335 631 4423 flagitantium.’'

180 4461 271 4544 Quid
296 4462 360 4525 sibi
385 4459 439 4524 hic
464 4460 528 4522 ista
552 4479 621 4522 vox
641 4459 729 4543 ipsos
748 4457 831 4522 velit
850 4459 941 4522 dicat
961 4459 1018 4541 qui
1039 4459 1132 4522 sciat.
1157 4459 1213 4522 An
1233 4459 1329 4522 duces
