3266 5238
881 380 942 463 136

313 564 459 626 eandem
491 565 656 646 praebent
687 563 902 626 sententiam.
935 562 1003 628 Sed
1036 563 1108 645 ipsa
1139 561 1195 626 illa
1226 563 1395 626 sententia
1423 581 1505 624 num

311 703 394 746 vera
415 681 487 745 esti
507 683 616 746 Immo
637 682 823 759 falsissima,
843 693 878 746 et
898 683 1023 747 refutat
1042 703 1117 746 eam
1137 685 1211 766 ipsa
1230 683 1380 746 omnium
1396 700 1505 765 popu·

310 803 422 866 lorum
443 803 591 866 historia.
612 804 823 868 Bellorumne
841 805 987 869 civilium
1008 805 1154 868 victores
1173 811 1209 866 et
1230 803 1310 867 victi
1331 822 1506 884 nunquam

312 923 420 986 solida
452 922 519 986 fide
547 907 762 986 coalescunt?
790 924 900 987 Immo
925 943 1005 987 vero
1028 926 1137 987 exteri
1161 943 1308 1006 quoque,
1332 943 1352 985 a
1375 922 1506 987 fortiori
1603 981 1604 988 ,

313 1043 441 1127 populo
467 1044 500 1106 vi
523 1044 692 1126 armisque
716 1042 859 1119 subacti,
883 1064 960 1106 cum
984 1043 1054 1126 illo,
1076 1063 1178 1126 saepe
1202 1051 1281 1126 post
1304 1043 1412 1106 multa
1434 1062 1508 1106 sae·

312 1163 397 1240 cula,
423 1164 483 1227 sed
508 1165 648 1229 tandem
673 1173 798 1238 tamen,
822 1173 894 1228 tam
918 1163 1058 1227 firmiter
1081 1163 1276 1227 coalescunt
1299 1171 1336 1226 ut
1361 1163 1507 1228 discerni

312 1284 379 1346 iam
408 1284 466 1346 vix
489 1284 630 1366 possint.
655 1283 701 1346 Et
724 1284 816 1365 quod
841 1283 884 1346 ad
910 1283 997 1347 bella
1022 1283 1133 1346 civilia
1156 1285 1315 1366 pertinet,
1339 1302 1420 1346 uum
1444 1283 1508 1346 im·

313 1411 455 1486 perante
480 1402 637 1484 Augusto
661 1402 844 1465 adversarii
869 1403 940 1464 eius
963 1423 1036 1465 esse
1062 1402 1290 1485 perstiterunt,
1316 1403 1374 1485 qui
1398 1421 1507 1484 quon·

312 1523 392 1586 dam
416 1542 493 1584 cum
519 1523 623 1585 Bruto
647 1530 682 1584 et
706 1521 822 1586 Cassio
847 1521 1018 1586 fecerant?
1039 1523 1148 1585 Immo
1170 1495 1266 1585 multi
1286 1542 1403 1586 eorum
1423 1523 1508 1584 ami-

312 1643 437 1705 cissimi
461 1643 532 1706 eius
556 1642 635 1706 facti
659 1651 772 1720 erant,
796 1662 916 1706 omnes
938 1642 1134 1725 gaudebant
1156 1643 1297 1706 tandem
1321 1642 1508 1723 aliquando

311 1783 363 1826 res
388 1763 474 1826 bene
499 1782 571 1826 esse
594 1763 800 1845 compositas
823 1771 857 1826 et
877 1763 1046 1846 praesenti
1067 1762 1382 1845 reipublicae.statu
1402 1761 1507 1824 laeta·

314 1883 454 1945 bantur:
487 1882 530 1945 de
562 1883 666 1945 Bruto
697 1880 882 1964 Cassioque
913 1881 1009 1953 οὐδεὶς
1040 1879 1145 1958 λόγος.
1175 1881 1285 1946 Multo
1310 1882 1419 1944 minus
1442 1882 1508 1944 sub

314 2000 417 2063 finem
448 2001 596 2083 Augusti
629 2022 835 2085 quemquam
865 2002 1067 2086 superfuisse
1098 2003 1201 2065 credo
1233 2003 1289 2084 qui
1315 2001 1507 2066 Antonium

314 2120 532 2184 desideraret.
561 2121 698 2204 Ergone
723 2123 924 2206 Vespasiani
948 2131 1103 2205 tempore
1127 2123 1265 2205 quidam
1290 2122 1382 2186 cives
1405 2123 1508 2184 inter·

316 2241 471 2303 necivum
497 2241 585 2303 inter
607 2261 643 2304 se
667 2241 783 2304 odium
804 2240 967 2305 fovebant
987 2261 1154 2305 memores
1173 2241 1298 2305 alteros
1317 2241 1397 2304 olim
1419 2241 1508 2304 inter

314 2357 518 2436 Vitellianos
548 2358 658 2434 fuisse,
684 2360 808 2423 alteros
833 2359 954 2424 favisse
977 2359 1128 2425 Othoni?
1152 2360 1213 2425 Cui
1237 2360 1303 2424 hoc
1327 2361 1507 2444 persuade·

315 2476 426 2542 bitur?

358 2598 492 2660 Deinde
527 2597 666 2661 Tacitus
700 2618 811 2661 rerum
847 2597 969 2680 quibus
1000 2599 1082 2681 ipse,
1114 2599 1186 2661 sive
1217 2600 1250 2662 in
1282 2606 1400 2662 senatu
1431 2599 1504 2662 sive

313 2718 403 2792 alibi,
429 2717 591 2793 interfuit,
615 2718 702 2781 adeo
727 2737 857 2781 memor
881 2727 932 2780 est
955 2738 1099 2801 semper,
1124 2726 1161 2781 ut
1185 2738 1440 2801 nonnumquam
1462 2721 1506 2782 de

314 2837 417 2919 priori
442 2845 597 2919 tempore
617 2837 768 2900 scribens
788 2836 851 2898 sibi
871 2845 1021 2900 aetatem
1037 2837 1224 2901 Domitiani
1242 2857 1376 2900 narrare
1393 2838 1508 2902 videa·

314 2965 378 3019 tur.
410 2954 511 3037 Quod
545 2965 582 3018 ut
612 2955 778 3038 exemplis
814 2955 967 3037 probem,
1000 2975 1052 3018 res
1083 2956 1186 3038 paulo
1215 2955 1315 3020 altius
1346 2956 1427 3020 mihi
1456 2965 1508 3020 est

313 3075 510 3157 repetenda.

357 3192 556 3276 Agricolam
587 3213 656 3275 quo
688 3194 828 3258 consilio
860 3195 1030 3278 scripserit
1061 3194 1200 3258 Tacitus
1232 3196 1382 3259 nondum
1414 3197 1506 3272 satis,

314 3321 350 3376 ut
370 3313 502 3395 opinor,
523 3313 610 3376 inter
630 3315 720 3376 viros
739 3315 860 3378 doctos
880 3322 1024 3390 constat,
1046 3334 1155 3396 neque
1177 3334 1241 3397 ego
1257 3315 1504 3396 quaestionem,

313 3432 394 3495 olim
426 3452 528 3515 saepe
559 3433 733 3515 agitatam,
765 3453 854 3497 nunc
886 3435 1138 3516 redintegrabo.
1171 3435 1286 3500 Unum
1318 3434 1383 3498 hoc
1415 3437 1505 3511 dico,

314 3571 382 3614 non
417 3551 563 3634 simplex
596 3552 678 3616 illud
714 3553 888 3618 consilium
922 3553 1033 3630 fuisse,
1064 3555 1124 3617 sed
1157 3564 1191 3617 et
1221 3554 1286 3618 alia
1317 3575 1359 3617 eo
1389 3555 1505 3618 libello

313 3680 484 3754 spectasse
508 3671 664 3736 Tacitum
690 3680 724 3735 et
749 3672 814 3735 hoc
837 3681 875 3735 ut
893 3693 1040 3737 socerum
1060 3673 1262 3757 defendendo
1280 3675 1504 3757 semetipsum

311 3792 511 3875 defenderet.
534 3792 671 3855 Etenim
693 3800 874 3874 postquam
892 3792 1010 3872 ,rediit
1022 3791 1174 3855 animus‘’
1188 3792 1318 3855 civibus
1331 3793 1505 3867 Romanis,

315 3911 428 3974 Nerva
463 3911 679 3994 Traianoque
714 3911 905 3975 libertatem
942 3920 977 3974 et
1013 3913 1239 3995 principatum
1276 3912 1503 3988 miscentibus,

313 4051 493 4096 commune
530 4030 704 4094 hominum
739 4034 855 4096 odium
891 4052 927 4095 se
958 4032 1127 4096 convertit
1158 4033 1191 4095 iu
1224 4052 1293 4108 eos,
1325 4033 1383 4115 qui
1413 4033 1503 4116 apud

312 4172 451 4216 saevum
475 4159 659 4232 tyrannum
683 4151 916 4215 Domitianum
941 4153 1049 4233 gratia
1069 4151 1290 4234 potentiaque
1311 4150 1502 4214 floruerant.

312 4269 423 4351 Quam
456 4287 526 4330 rem
557 4267 637 4330 licet
668 4277 702 4331 et
732 4269 788 4358 alii
818 4270 1000 4353 scriptores
1030 4270 1121 4333 haud
1154 4290 1222 4332 uno
1245 4269 1321 4332 loco
1346 4269 1502 4346 doceant,

314 4387 395 4452 nihii
415 4395 530 4450 tamen
550 4395 601 4452 est
621 4389 713 4472 quod
735 4408 810 4452 eam
831 4389 864 4452 in
885 4389 1024 4454 clariore
1038 4397 1144 4472 ponat
1156 4388 1231 4451 luce
1244 4408 1346 4471 quam
1359 4389 1502 4473 epistola
