3228 5236
874 345 934 406 166

305 525 370 587 ista
396 524 510 598 sciolo,
536 525 593 606 qui
618 523 672 585 hic
694 543 755 585 nos
775 521 921 585 ludibrio
942 522 1063 599 habet;
1084 532 1156 585 tum
1177 525 1266 587 enim
1289 544 1374 606 quae
1395 533 1507 587 resta·
1540 551 1550 564 ·

304 646 400 720 bunt,
432 645 609 727 aptissima
641 650 740 706 erunt
764 651 798 704 et
823 643 885 724 ipsi
911 652 1050 706 naturae
1074 643 1132 717 rei,
1158 663 1245 725 quae
1270 646 1423 720 traditur,
1450 666 1510 707 re-

303 764 539 846 spondebunt:
572 763 732 844 cuiusque
764 763 935 824 centuriae
968 762 1091 825 milites
1117 763 1230 825 cuncti
1254 763 1289 826 in
1313 784 1409 826 suum
1432 764 1507 826 sibi

304 886 457 947 involant
480 886 725 958 centurionem,
750 884 842 964 quod
866 885 947 945 satis
970 891 1137 957 accurate,
1162 883 1329 965 simulque
1353 883 1508 946 facunde

304 1013 338 1066 et
371 1005 528 1085 graviter,
562 1003 672 1065 verbis
702 1004 860 1084 sexageni
884 1002 1031 1084 singulas
1054 1002 1275 1084 significatur
1298 1004 1385 1066 Nam
1409 1024 1509 1085 quae

304 1143 405 1205 porro
431 1122 659 1205 Nipperdeius
683 1121 859 1184 observat:

352 1242 447 1321 ,Wie
479 1240 544 1304 viel
577 1239 730 1304 Streiche
759 1241 856 1321 jeder
888 1239 1007 1304 Soldat
1040 1240 1194 1322 gegeben
1226 1240 1296 1314 hat,
1329 1243 1371 1304 ist
1395 1242 1506 1305 dabei

303 1359 521 1442 gleichgiltig‚
546 1360 615 1422 und
640 1379 676 1421 es
699 1358 871 1422 brauchen
895 1359 1037 1422 deshalb
1062 1358 1155 1422 nicht
1180 1358 1244 1422 alle
1265 1360 1503 1424 Centurionen

305 1479 410 1543 durch
435 1481 490 1541 die
516 1477 659 1560 Schlage
683 1486 816 1561 getotet
840 1501 880 1542 zu
905 1479 1061 1542 werden”

304 1600 406 1661 risum
433 1607 582 1661 movent.
606 1596 689 1679 Quis
713 1599 804 1661 enim
828 1599 900 1661 istis
924 1601 1037 1661 sarciri
1061 1601 1178 1662 credat
1198 1601 1381 1662 immanem
1402 1599 1503 1662 illurn

305 1717 414 1780 Taciti
448 1738 606 1791 errorem,
637 1718 680 1780 de
709 1738 777 1798 quo
802 1737 879 1800 pag.
910 1735 969 1781 120
992 1717 1141 1800 egimus?
1164 1718 1222 1781 An
1245 1720 1292 1781 sic
1316 1719 1503 1782 verborum

305 1837 458 1900 lane'andi
480 1845 515 1898 et
538 1837 735 1900 convellendi
758 1837 826 1898 vim
851 1837 1003 1900 imminui
1028 1836 1226 1900 credamus?

351 1956 455 2019 Paulo
480 1965 556 2038 post
581 1956 665 2018 haec
689 1957 780 2039 apud
805 1956 962 2020 Tacitum
986 1957 1145 2038 legimus:

355 2075 506 2154 ,Cassius
530 2075 690 2150 Chaerea,
716 2096 796 2138 mox
821 2078 925 2140 caede
950 2075 986 2140 C.
1012 2076 1164 2140 Caesaris
1188 2078 1385 2140 memoriam
1406 2079 1504 2160 apud

308 2203 461 2277 posteros
492 2197 647 2277 adeptus
679 2203 752 2257 tum
784 2195 982 2259 adulescens
1014 2205 1047 2258 et
1070 2196 1173 2259 animi
1198 2195 1302 2271 ferox,
1327 2198 1415 2259 inter
1437 2196 1504 2260 ob·

306 2324 434 2378 stantes
458 2324 492 2377 et
515 2323 663 2378 armatos
688 2315 775 2378 ferro
801 2317 890 2379 viam
915 2315 1110 2399 patefecit.''

352 2433 528 2496 Aduerbia
559 2455 636 2496 anax
668 2443 701 2496 et
732 2446 801 2498 tum
834 2435 921 2496 inter
951 2455 986 2496 se
1012 2435 1171 2517 opposita
1195 2435 1344 2497 efficiunt
1369 2444 1404 2497 ut
1429 2455 1505 2497 non

307 2553 460 2616 dubitem
484 2554 565 2635 quin
592 2574 653 2640 pro
676 2553 813 2636 adeptus
835 2554 1017 2635 legendum
1042 2557 1085 2617 sit
1109 2555 1301 2639 adepturus.

351 2671 394 2733 A.
420 2672 444 2746 l,
473 2691 522 2754 34.
559 2672 646 2752 ,Sed
679 2672 899 2736 Germanicus
923 2682 1052 2756 quanto
1075 2693 1228 2736 summae
1252 2674 1323 2755 spei
1348 2674 1503 2756 propior,

306 2799 403 2853 tanto
424 2792 607 2873 impensius
628 2812 689 2873 pro
709 2791 847 2853 Tiberio
868 2791 929 2853 niti
949 2812 1053 2873 seque
1074 2793 1247 2874 proximos
1266 2801 1301 2854 et
1323 2791 1507 2874 Belgarum

307 2912 462 2974 civitates
486 2913 519 2973 in
544 2911 648 2974 verba
672 2911 743 2973 eius
767 2911 914 2992 adegit.”

352 3029 407 3094 Sic
432 3039 483 3092 est
508 3032 541 3092 in
562 3031 691 3104 codice,
713 3031 746 3092 in
767 3031 916 3112 margine
938 3039 1137 3093 annotatur:
1159 3030 1335 3111 Sequanos.
1356 3030 1507 3113 Nipper-

307 3149 403 3211 deius
422 3148 546 3209 edidit:
570 3147 766 3229 ,Sequanos
786 3149 958 3231 proximas
979 3158 1012 3211 et
1033 3169 1061 3211 e.
1076 3170 1109 3230 q.
1122 3149 1169 3211 s.”
1191 3168 1278 3230 quae
1300 3148 1400 3212 lectio
1418 3149 1506 3212 nihil

307 3265 412 3328 habet
443 3285 511 3346 quo
542 3286 578 3328 se
609 3269 837 3330 commendet.
864 3269 940 3331 Hoc
965 3269 1160 3350 requiritur:
1189 3267 1438 3348 ,Germanicus
1464 3280 1505 3332 ut

307 3385 508 3465 quantocius
528 3383 700 3447 Tiberium
721 3386 962 3468 imperatorem
983 3408 1003 3450 a
1022 3407 1058 3450 se
1079 3388 1216 3468 agnosci
1237 3387 1443 3461 ostenderet,
1464 3398 1504 3450 et

307 3505 379 3587 ipse
404 3505 517 3567 statim
542 3505 576 3567 in
601 3524 724 3567 nomen
749 3507 820 3568 eius
845 3507 940 3569 dedit
963 3506 1204 3600 iusiurandum,
1225 3514 1259 3569 et
1279 3525 1504 3588 quoscunque

307 3626 341 3687 in
367 3624 489 3687 vicinia
512 3624 661 3688 habebat
686 3624 810 3687 milites
831 3625 864 3686 in
885 3626 976 3687 idem
996 3635 1245 3689 sacramentum
1265 3624 1414 3706 adegit.”
1432 3623 1504 3688 Sed

308 3745 381 3826 ipsa
406 3742 510 3807 verba
535 3764 603 3806 non
629 3752 776 3826 praesto.
801 3743 935 3806 Deinde
959 3745 1006 3806 sic
1032 3764 1165 3807 narrare
1190 3745 1300 3827 pergit
1323 3743 1480 3807 Tacitus:

358 3865 560 3945 ,Postquam
585 3863 710 3926 vallum
735 3863 820 3938 iniit,
844 3864 970 3926 dissoni
995 3872 1134 3946 questus
1156 3864 1264 3926 audiri
1288 3883 1446 3946 coepere;
1467 3873 1505 3926 et

308 3984 446 4064 quidam
469 4001 591 4063 prensa
612 4002 714 4044 manu
735 3983 806 4044 eius
824 4003 884 4064 per
897 3984 1045 4064 speciem
1059 3981 1278 4045 exosculandi
1291 3983 1504 4045 inseruerunt

308 4102 442 4183 digitos,
468 4106 505 4161 ut
530 4119 636 4162 vacua
660 4100 819 4163 dentibus
844 4121 902 4163 ora
925 4100 1170 4182 contingeret.”

353 4221 521 4300 Corrupta
545 4217 628 4281 haec
650 4238 722 4282 esse
742 4230 836 4283 certo
857 4222 944 4283 scio:
960 4220 1059 4311 ‘salva
1079 4222 1169 4283 enim
1191 4219 1377 4283 Latinitate
1399 4218 1502 4282 verba

303 4353 429 4424 prerrsa
454 4357 552 4399 manu
577 4337 788 4403 inseruerunt
810 4340 932 4422 degitos
955 4360 1021 4402 non
1041 4352 1181 4423 possunt
1203 4340 1389 4421 quidquam
1410 4338 1498 4402 aliud
