3258 5240
675 472 711 536 31

95 634 253 696 omnibus
283 633 407 696 fuerint
438 654 497 696 cur
528 635 712 717 participes
743 635 864 698 fierent
895 635 1147 699 coniurationis.
1180 633 1292 717 Quam

95 772 176 833 ergo
207 772 343 815 causam
375 752 495 815 habuit
521 752 686 818 Senecio?
712 754 845 837 Nempe
869 755 961 836 quod
979 754 1142 838 periculis
1165 756 1292 840 conflic-

94 871 240 947 tabatur,
272 872 379 953 iisque
412 873 551 935 tandem
584 873 768 955 aliquando
793 893 996 956 quocunque
1021 876 1161 938 tandem
1186 876 1290 938 modo

93 991 228 1054 liberari
248 992 418 1074 cupiebat.
440 990 517 1054 Hoc
537 993 676 1074 quidem
697 992 794 1056 facile
815 992 1044 1076 intelligimus
1065 993 1115 1056 At
1135 993 1193 1057 illa
1204 995 1291 1076 peri·

93 1111 169 1174 cula
201 1132 288 1193 quae
312 1109 468 1174 fuerunt?
496 1111 548 1192 „A
572 1113 756 1175 coniuratis
779 1112 1082 1194 proficiscebantur
1106 1111 1184 1176 iila”
1208 1113 1291 1176 Fur·

93 1251 206 1295 neaux
233 1232 291 1294 ait.
317 1231 385 1295 Sed
408 1231 492 1295 illud
516 1231 714 1294 incredibile
738 1232 801 1294 nisi
824 1268 868 1278 -
892 1233 926 1294 id
951 1233 1043 1314 quod
1068 1230 1160 1294 nullo
1185 1232 1290 1295 modo

93 1350 193 1412 nobis
222 1352 421 1433 suppeditat
452 1351 561 1414 Taciti
594 1352 742 1414 narratio
766 1351 996 1414 —sumimus
1027 1350 1165 1433 longam
1193 1371 1288 1434 prae·

93 1470 233 1532 cessisse
256 1471 528 1533 coniurationum
553 1470 684 1546 seriem,
709 1489 851 1552 quarum
876 1490 962 1532 unus
986 1477 1020 1532 et
1042 1469 1129 1533 alter
1151 1491 1195 1532 ex
1220 1471 1287 1533 Ne·

91 1589 185 1651 ronis
212 1589 330 1652 amicis
352 1590 420 1652 iam
444 1589 583 1652 victima
606 1588 715 1652 fuerit.
741 1589 840 1651 Nunc
866 1608 946 1651 vero
971 1589 1136 1652 eiusmodi
1159 1591 1287 1673 aliquid

91 1709 140 1770 sic
173 1708 242 1772 fere
273 1709 373 1772 fuerit
404 1710 667 1773 enuntiandum:
698 1709 875 1793 praecipua
903 1709 937 1772 in
955 1709 1105 1792 periculo
1129 1723 1213 1775 erat.
1239 1710 1289 1774 At

92 1829 204 1910 ipsum
237 1828 317 1892 illud
350 1849 453 1911 quarn
483 1830 526 1892 sit
557 1830 729 1911 ineptum:
757 1828 901 1893 Senecio
925 1830 968 1892 de
993 1830 1226 1894 coniuratione
1251 1829 1290 1894 fit

91 1951 218 2012 certior
249 1969 431 2031 secumque
463 1950 510 2012 ita
534 1949 699 2031 loquitur:
728 1948 833 2030 „eheu
857 1957 1023 2030 quantum
1047 1950 1139 2026 mihi,
1163 1951 1221 2032 qui
1245 1971 1289 2014 ex

93 2069 213 2131 intima
244 2069 308 2132 sim
340 2069 485 2131 Neronis
517 2067 756 2142 familiaritate,
788 2087 877 2130 nune
905 2067 1083 2150 impendet
1107 2068 1288 2151 periculil''

92 2187 185 2270 Quid
205 2208 287 2270 ergo
307 2186 407 2251 facit?
430 2187 591 2251 Defertne
611 2208 682 2250 renr
703 2189 747 2250 ad
769 2186 962 2250 Neronem?
984 2189 1094 2251 Immo
1115 2209 1195 2252 vero
1215 2189 1288 2272 ipse

91 2308 130 2370 fit
154 2308 397 2371 coniurationis
420 2308 541 2382 socius,
561 2308 632 2370 eius
651 2306 780 2370 scilicet
799 2307 1050 2377 coniurationis.
1071 2309 1163 2370 cuius
1183 2329 1286 2390 quam

89 2431 135 2491 sit
163 2429 286 2492 dubius
311 2436 454 2491 eventus
477 2426 574 2491 facile
599 2427 705 2510 possit
728 2426 929 2508 intelligere,
950 2447 1037 2508 quae
1062 2447 1163 2508 quam
1189 2426 1286 2491 facile

90 2548 201 2632 possit
225 2549 340 2631 detegi
363 2549 435 2630 ipse
459 2556 511 2610 est
536 2556 712 2630 expertus:
737 2548 782 2610 ad
806 2547 916 2628 ipsum
940 2548 1029 2610 enim
1055 2548 1122 2610 iam
1146 2555 1217 2610 tum
1243 2549 1287 2612 de

89 2689 132 2731 ea
163 2678 367 2750 pervenerat
395 2668 531 2730 nuntius
555 2687 632 2730 cum
657 2666 758 2748 vulgo
784 2666 929 2729 Neronis
954 2666 1125 2730 videretur
1148 2669 1287 2730 amicus,

88 2787 214 2852 Sermo
244 2808 325 2869 ergo
349 2796 400 2850 est
425 2788 467 2849 de
492 2788 665 2868 perpetuis
689 2785 845 2868 periculis
869 2785 901 2848 in
927 2785 1049 2867 quibus
1074 2785 1151 2848 Piso
1175 2806 1286 2849 versa·

87 2907 192 2970 batur
227 2909 261 2968 in
295 2907 375 2970 aula
408 2905 563 2969 Neronis.
600 2904 661 2967 Illa
696 2925 788 2980 vero,
823 2904 961 2967 Tacitus
995 2904 1053 2979 ait,
1093 2924 1152 2985 „eo
1189 2903 1285 2987 plura

87 3025 300 3090 erant....”
325 3023 411 3090 Cur?
436 3023 524 3106 Quia
547 3025 650 3087 etiam
674 3034 746 3087 tum
769 3025 904 3108 speciem
929 3025 1095 3088 amicitiae
1114 3025 1284 3088 retinebat.

89 3147 169 3210 Hoc
201 3146 283 3227 quid
316 3142 388 3208 est?
412 3143 590 3226 Quaenam
613 3164 665 3207 res
689 3144 767 3206 huic
792 3144 961 3207 contraria
984 3145 1126 3226 cogitari
1152 3143 1286 3226 potest?

88 3266 228 3348 Nempe
249 3264 367 3348 palam
391 3264 521 3327 Neroni
542 3265 725 3328 amicitiam
750 3264 954 3327 renuntiare.
981 3263 1058 3326 Hoc
1082 3284 1164 3346 ergo
1188 3264 1214 3326 si
1240 3263 1255 3326 f
1273 3297 1285 3310 ·

86 3385 193 3447 cisset
225 3382 380 3458 Senecio,
412 3402 492 3445 num
520 3384 553 3445 in
578 3384 705 3446 minare
727 3381 877 3464 periculo
902 3381 1031 3446 futurus
1055 3381 1148 3446 erati
1173 3382 1284 3446 Immo

88 3525 184 3578 ver0,
205 3504 263 3585 qui
283 3522 327 3564 ex
346 3503 465 3565 intima
485 3501 713 3565 familiaritate
734 3502 879 3564 Neronis
900 3503 1071 3586 particeps
1092 3503 1128 3565 fit
1145 3503 1284 3566 alicuius

86 3633 212 3688 contra
233 3623 405 3688 Neronem
425 3623 676 3698 coniurationis
697 3622 774 3685 huic
795 3631 889 3685 certa
908 3631 960 3686 est
977 3631 1095 3705 parata
1108 3623 1284 3705 pernicies,

87 3745 154 3808 nisi
186 3744 344 3806 omnibus
375 3744 485 3806 modis
516 3744 575 3806 dat
607 3763 746 3824 operam
777 3749 814 3803 ut
846 3741 973 3804 amicus
1007 3743 1152 3804 Neronis
1177 3742 1283 3805 videri

87 3870 223 3946 pergat.
244 3861 373 3944 Quodsi
395 3863 470 3944 quis
491 3860 725 3944 philosophice
746 3881 817 3924 rem
838 3861 1040 3936 consideret,
1054 3881 1131 3923 cum
1145 3861 1282 3924 Nerone

84 4003 206 4046 veram
246 3981 428 4044 amicitiam
464 4001 536 4043 esse
572 4000 639 4043 non
676 4000 775 4062 posse
811 3979 912 4054 dicat,
947 3981 1007 4043 sed
1043 3983 1283 4045 tantummodo

84 4102 258 4166 amicitiae
286 4101 431 4182 speciem,
464 4120 545 4182 ergo
573 4100 636 4162 hac
661 4100 694 4161 in
720 4119 755 4161 re
780 4097 1003 4162 Senecionem
1028 4119 1047 4162 a
1071 4101 1192 4162 ceteris
1216 4101 1283 4162 Ne·

84 4222 182 4286 ronis
213 4219 432 4283 familiaribus
463 4220 725 4302 haudquaquam
759 4218 902 4281 differre.
935 4218 985 4282 At
1016 4222 1107 4301 quod
1139 4220 1284 4285 Senecio

84 4341 169 4405 facit
194 4340 369 4422 proprium
393 4340 521 4422 aliquid
546 4348 580 4402 et
601 4338 770 4422 peculiare
790 4357 862 4400 esse
883 4337 997 4401 debet.
1020 4339 1081 4402 Est
1100 4359 1144 4401 ex
1163 4340 1283 4402 intima

84 4459 317 4526 familiaritate
350 4459 506 4534 Neronis,
531 4479 619 4522 nunc
644 4459 690 4521 illi
714 4459 894 4540 praecipue
918 4479 960 4521 eo
984 4459 1080 4541 plura
1104 4460 1282 4526 imminent
