3266 5238
932 475 974 540 92

359 649 437 702 sunt
461 641 611 702 eiusdem
637 641 684 702 rei
709 641 847 703 nomina
869 640 948 702 duo.
973 639 1061 702 Tum
1085 638 1150 702 hoc
1175 639 1271 702 addit
1295 639 1393 703 victis
1416 641 1547 702 unicum

361 759 523 822 solacium
555 779 628 822 esse
659 758 768 822 solere
800 761 940 822 caedem
969 759 1246 840 sanguinemque,
1272 760 1364 841 quod
1388 769 1472 823 tunc
1497 758 1550 822 Vi·

359 878 487 942 telliani
513 899 649 960 quoque
674 879 754 942 victi
775 879 843 941 sint
863 877 1022 960 amplexi.
1045 877 1136 959 Ergo
1157 879 1204 940 sic
1224 877 1392 959 legamus:
1417 887 1550 958 „contra

361 997 536 1060 Vitelliani
561 1045 658 1060 .....
684 999 874 1079 inquietare
907 997 1095 1072 victoriam,
1125 999 1247 1060 morari
1272 1017 1410 1080 pacem;
1436 999 1551 1061 domos

362 1137 504 1199 arasque
529 1136 647 1179 cruore
672 1116 819 1191 foedare,
844 1136 1001 1198 suprema
1025 1115 1124 1179 victis
1146 1115 1281 1192 solacia,
1302 1117 1551 1200 amplecteban-

361 1235 438 1299 tur”
458 1245 493 1298 ut
511 1237 828 1320 domos—foedare
845 1237 1102 1318 quodammodo
1114 1236 1157 1298 sit
1169 1236 1265 1300 verbi
1276 1237 1550 1320 amplectebantur

360 1356 532 1420 obiectum
561 1365 595 1419 et
625 1356 849 1439 appositionis
877 1356 954 1419 loco
978 1355 1103 1420 habeat
1125 1367 1280 1440 suprema
1303 1357 1399 1420 victis
1421 1357 1548 1421 solacia.

407 1475 498 1539 Ann.
530 1475 590 1551 111,
623 1495 676 1558 49.
709 1475 897 1539 Clutorium
929 1476 1090 1550 Priscum,
1122 1495 1248 1540 vanum
1278 1475 1373 1539 illum
1404 1485 1549 1558 poetam,

362 1597 434 1660 sola
458 1595 598 1660 Vitellia
621 1596 818 1659 testimonio
841 1615 901 1659 suo
926 1595 1082 1659 iuvabat:

414 1717 492 1798 „sed
516 1715 736 1798 arguentibus
759 1715 802 1779 ad
828 1715 1012 1798 perniciem
1037 1713 1112 1797 plus
1136 1713 1215 1778 fidei
1239 1713 1333 1777 suit”.

411 1835 489 1898 Non
520 1834 650 1916 virgula
681 1834 736 1896 hic
767 1853 853 1916 opus
879 1842 931 1896 est
955 1835 1004 1896 ad
1022 1833 1196 1917 scriptoris
1219 1835 1423 1898 sententiam
1448 1835 1553 1898 decla-

366 1955 524 2031 randam;
558 1953 766 2017 monendum
797 1954 1037 2017 tantummodo
1069 1962 1121 2016 est
1145 1974 1187 2016 ne
1210 1991 1254 2000 —-
1277 1955 1311 2018 id
1336 1955 1430 2036 quod
1455 1954 1552 2035 vulgo

365 2076 404 2140 fit
427 2113 470 2122 —
492 2076 542 2140 ad
556 2075 736 2158 perniciem
761 2094 837 2137 cum
861 2073 1078 2158 arguentibus
1101 2075 1268 2156 iungatur,
1292 2094 1380 2156 quae
1401 2075 1553 2137 intolera-

365 2195 441 2258 bilis
464 2203 516 2257 est
539 2193 737 2257 verbositas.
761 2193 846 2257 Cum
864 2193 945 2277 plus
960 2194 1045 2279 fidei
1059 2195 1138 2275 suit
1159 2193 1366 2275 iungendum
1391 2193 1472 2256 illud
1493 2203 1552 2267 est,

364 2323 402 2377 ut
421 2313 486 2377 hoc
507 2313 614 2376 dicat:
639 2313 715 2394 „qui
735 2333 838 2395 grave
858 2311 1019 2376 dicebant
1037 2313 1270 2375 testimonium
1290 2310 1365 2395 plus
1385 2312 1552 2386 valebant,

241 2448 248 2460 ·
364 2435 408 2498 ad
433 2435 591 2497 miserum
616 2453 710 2496 reum
734 2432 980 2516 perdendum”.
