3266 5238
881 429 942 494 116

313 627 391 692 usus
414 629 487 672 sum
513 609 625 672 verbis
648 630 724 672 cum
750 611 793 673 de
816 611 1005 693 confusione
1027 616 1063 670 et
1081 607 1213 671 incuria
1234 605 1411 687 loquebar,
1432 607 1509 688 qui·

312 730 376 793 bus
399 739 473 794 tota
496 730 551 793 illa
576 732 619 793 de
644 721 766 794 Pisnne
789 731 937 794 narratio
960 725 1151 793 laboraret?

357 852 401 914 A.
427 851 452 926 I,
483 852 530 914 16.
562 851 627 915 Hic
658 851 752 914 locus
776 859 827 915 est
852 851 908 914 ubi
934 851 1073 913 Tacitus
1097 848 1187 911 nulla
1211 867 1271 911 sua
1295 845 1395 929 culpa
1419 846 1510 910 male

312 971 355 1034 sit
386 970 577 1035 intellectus
609 981 644 1034 et
676 991 835 1055 perversa
869 970 1068 1034 sollicitatus
1103 967 1355 1031 emendatione.
1387 966 1433 1029 Et
1465 987 1511 1029 ne

313 1091 393 1155 illud
426 1092 566 1174 quidem
597 1092 681 1155 vitio
706 1092 737 1154 ei
762 1092 913 1155 dandum
938 1090 1030 1173 quod
1056 1089 1203 1152 narratio
1228 1088 1298 1151 eius
1323 1086 1511 1168 diligentis·

311 1211 431 1276 simam
451 1212 633 1276 lectionem
652 1219 687 1274 et
707 1211 896 1293 longiorem
914 1210 1054 1292 requirit
1071 1207 1363 1292 explanationem
1382 1225 1508 1288 aequa-

311 1331 370 1406 les,
402 1332 524 1413 quibus
550 1331 731 1407 scribebat,
763 1331 872 1414 ipsam
904 1351 975 1394 rem
1007 1330 1136 1412 optime
1161 1327 1387 1409 facillimeque
1410 1326 1510 1390 intel·

311 1452 473 1533 ligebant.
499 1451 551 1514 De
578 1452 846 1516 Pannonicarum
867 1451 1039 1534 legionum
1060 1449 1228 1512 seditione
1248 1456 1440 1511 narraturus
1459 1447 1510 1509 ita

312 1572 447 1654 incipit:

359 1692 504 1772 „Castris
528 1691 665 1755 aestivis
689 1700 757 1754 tres
781 1691 879 1754 simul
904 1690 1055 1772 legiones
1079 1687 1327 1752 habebantur”.

357 1813 421 1875 Pro
441 1813 577 1876 aestivis
597 1811 751 1876 Sirkerus
771 1811 918 1874 coniecit
938 1809 1095 1884 hibernis,
1117 1808 1297 1891 potuitque
1317 1805 1510 1869 sententiae

310 1951 390 1995 suae
415 1941 653 2013 argumentum
677 1931 795 1993 afferre
820 1931 1006 1994 admodum
1031 1929 1233 2012 speciosum.
1255 1927 1393 1990 Etenim
1412 1946 1440 1988 c.
1463 1940 1509 2009 27

312 2051 372 2116 Cn.
407 2051 571 2115 Lentulus
602 2052 725 2116 dicitur
755 2051 894 2114 hiberna
920 2061 1034 2114 castra
1059 2058 1225 2131 repetere.
1248 2047 1297 2110 At
1324 2045 1510 2110 Lentulum

311 2170 415 2245 illum,
447 2171 505 2253 qui
537 2170 641 2234 suite
668 2171 767 2234 Drusi
799 2170 974 2245 comitatu,
1008 2168 1132 2231 milites
1162 2169 1273 2230 adorti
1305 2175 1383 2230 sunt
1408 2167 1440 2228 in
1465 2166 1512 2228 iis
1579 2242 1584 2254 Ι

311 2291 429 2354 castris
460 2292 503 2354 de
535 2291 658 2373 quibus
688 2300 764 2354 toto
796 2311 825 2353 c.
856 2291 894 2354 16
924 2310 1036 2354 sermo
1061 2299 1129 2364 est,
1154 2289 1181 2352 si
1205 2309 1286 2370 ergo
1309 2289 1343 2352 in
1366 2287 1510 2351 hiberna

311 2409 406 2492 sugit,
439 2410 626 2493 periculum
657 2400 750 2486 illu'd,
781 2411 873 2492 quod
905 2410 1013 2472 vitare
1044 2409 1126 2484 vult,
1158 2409 1192 2471 in
1222 2408 1358 2471 aestivis
1388 2416 1509 2470 natum

253 2549 256 2556 ’
312 2539 373 2592 est.
394 2531 582 2605 Praeterea,
602 2531 629 2594 si
651 2528 776 2593 Sirkeri
797 2529 1027 2592 coniecturam
1048 2529 1241 2610 probamus
1256 2547 1395 2609 magnas
1408 2525 1510 2589 nobis

311 2649 452 2713 exhibet
473 2650 644 2713 molestias
664 2650 785 2732 capitis
806 2663 844 2730 25
868 2649 1012 2711 initium.
1033 2646 1125 2728 Quid
1140 2644 1252 2710 enim?
1270 2666 1299 2708 c.
1317 2645 1509 2710 16Sirkero

310 2778 449 2832 auctore
470 2771 504 2832 in
524 2770 642 2832 castris
661 2769 809 2832 hibernis
828 2777 896 2830 tres
916 2767 1014 2830 simul
1035 2767 1186 2848 legiones
1199 2774 1296 2829 erant
1308 2766 1394 2829 duce
1407 2765 1509 2829 lunio

312 2888 432 2952 Blaeso
468 2891 543 2972 „qui
576 2890 642 2953 fine
674 2889 822 2971 Augusti
853 2897 888 2952 et
919 2889 1023 2951 initiis
1046 2887 1175 2950 Tiberii
1198 2888 1323 2950 auditis
1348 2934 1378 2949 ..
1403 2887 1509 2949 inter·

313 3007 449 3070 miserat
472 3007 571 3070 solita
596 3009 719 3071 munia.
745 3008 797 3070 Eo
821 3007 989 3089 principio
1012 3006 1164 3069 lascivire
1186 3006 1291 3081 miles,
1311 3005 1510 3069 discordare

311 3129 354 3209 (v.
380 3128 422 3191 de
447 3128 509 3190 hac
530 3148 614 3191 voce
635 3128 702 3191 vol.
724 3128 825 3190 XXX
847 3149 879 3210 p.
903 3127 967 3209 346
978 3125 1063 3210 sq.)’'
1078 3175 1085 3188 .
1100 3175 1108 3189 .
1122 3175 1130 3189 .
1145 3176 1152 3190 .
1167 3126 1314 3209 denique
1335 3127 1510 3189 incastris

309 3245 456 3310 hibernis
475 3267 598 3330 magna
619 3248 786 3329 quaedam
808 3249 924 3310 existit
944 3247 1077 3321 sediti0,
1099 3248 1142 3310 ad
1163 3267 1266 3328 quam
1280 3247 1510 3329 comprimen-

309 3365 388 3427 dam
420 3364 576 3428 Tiberius
609 3367 754 3429 Drusum
785 3387 861 3430 cum
894 3367 1098 3450 primoribus
1129 3367 1277 3429 civitatis
1309 3374 1343 3428 et
1370 3365 1442 3427 aliis
1464 3375 1506 3428 et

309 3483 369 3548 Cn.
406 3485 553 3548 Lentulo
590 3486 711 3548 mittit:
752 3495 952 3569 „postquam
989 3486 1114 3549 vallum
1149 3485 1300 3549 introiit”
1332 3486 1505 3568 (nimirum

309 3604 446 3680 Drusus
479 3604 646 3687 simulque
678 3605 740 3669 Cn.
772 3606 937 3693 Lentulus
969 3606 1035 3688 alii)
1061 3653 1069 3667 .
1095 3654 1102 3668 .
1129 3653 1136 3668 .
1163 3653 1170 3668 .
1196 3605 1330 3681 vallum,
1356 3625 1436 3688 ergo
1461 3605 1504 3686 (si

307 3726 411 3789 semel
435 3725 608 3806 Sirkerum
632 3725 815 3807 sequimur)
839 3727 1060 3800 hibernorum,
1082 3744 1161 3787 nam
1182 3725 1225 3787 de
1244 3723 1318 3788 aliis
1339 3744 1426 3787 nunc
1445 3725 1504 3806 agi

307 3847 424 3910 castris
449 3856 483 3908 et
504 3867 571 3909 non
593 3848 636 3909 de
657 3847 706 3921 iis,
727 3866 863 3929 quaec.
890 3847 928 3909 16
947 3853 1268 3919 commemorantur,
1289 3865 1391 3907 nemo
1404 3845 1504 3926 quid·

308 3985 409 4045 quam
442 3984 503 4027 nos
533 3966 645 4027 docet.
678 3966 784 4047 Igitur
816 3966 849 4029 in
882 3965 1028 4029 hibernis
1060 3966 1188 4028 Drusus
1219 3965 1344 4028 milites
1366 3965 1503 4048 placare

306 4085 433 4160 studet,
465 4085 497 4146 in
530 4084 677 4148 hibernis
702 4095 888 4150 contumax
912 4107 931 4148 a
955 4071 1117 4148 militibus
1140 4086 1265 4168 accipit
1289 4105 1503 4168 responsum,

307 4205 340 4268 in
373 4205 520 4268 hibernis
543 4203 687 4268 militum
714 4207 763 4270 ira
786 4207 983 4289 praesertim
1008 4206 1042 4269 in
1067 4205 1127 4269 Cn.
1155 4205 1337 4270 Lentulum
1361 4226 1397 4269 se
1420 4226 1504 4269 con·

307 4325 419 4398 vertit,
444 4322 501 4405 qui
527 4331 618 4385 metu
644 4326 817 4406 perculsus
841 4326 969 4408 aufugit
1087 4334 1122 4386 et
1145 4325 1284 4388 hiberna
1303 4326 1400 4407 petit.
1422 4324 1504 4387 Pro·

306 4443 397 4506 secto
417 4444 460 4505 ad
481 4443 600 4506 incitas
621 4465 681 4507 nos
702 4447 842 4510 doctum
863 4446 942 4509 illud
966 4445 1093 4510 Sirkeri
1113 4445 1236 4527 redigit
1256 4453 1502 4508 commentum.
