3266 5238
668 455 726 520 113

104 638 160 700 pro
180 616 235 681 illa
254 637 359 701 opera
379 638 399 680 a
418 617 596 680 servilibus
612 617 826 680 senatoribus
841 637 974 679 summo
990 617 1134 680 afficitur
1151 615 1290 694 honore.

103 735 244 800 Subesse
277 736 466 799 incredibili
497 737 681 800 narrationi
698 737 797 800 .hanc
822 737 1001 799 veritatem
1025 737 1186 818 suspicor.
1213 736 1291 799 Non

102 857 290 920 coercendae
317 855 450 919 libidini
473 855 803 919 senatusconsultum
828 855 1051 920 Claudianum
1076 856 1292 930 inserviebat,

101 976 157 1038 sed
183 975 406 1039 dirimebatur
428 995 470 1038 eo
495 977 726 1040 controversia
750 975 919 1057 quaedam
943 976 1077 1058 saepius
1101 977 1188 1039 inter
1213 976 1292 1038 doc·

101 1105 152 1158 tos
183 1096 312 1178 agitata
339 1095 609 1158 iurisconsultos:
640 1080 752 1158 nonne
776 1094 841 1158 hoc
866 1094 928 1158 luit
953 1095 1126 1177 negotium
1151 1096 1292 1177 dignum

101 1215 242 1279 Claudio
267 1223 392 1289 nostro,
418 1215 521 1277 docto
545 1215 737 1296 antiquario
760 1222 795 1276 et
820 1215 985 1277 eiusmodi
1006 1213 1292 1297 disceptationum

100 1332 352 1398 amantissimo?
382 1334 482 1420 Certe
506 1335 549 1396 de
573 1332 720 1397 Senatus
743 1333 898 1397 consulto
923 1332 1111 1398 Claudiano
1134 1333 1293 1396 iuriscon-

100 1454 176 1518 sulti
210 1463 330 1538 postea
359 1454 606 1538 spinosissimas
637 1453 851 1536 protulerunt
881 1455 1045 1535 argutias,
1078 1461 1114 1516 at
1143 1462 1293 1516 senatus·

100 1573 302 1648 consultum,
337 1575 430 1657 quod
467 1573 512 1635 illi
546 1575 798 1636 commentariis
830 1574 1007 1650 illustrant,
1040 1575 1083 1638 ad
1113 1574 1293 1638 liberorum

100 1695 249 1776 pertinet
269 1702 404 1769 statum,
426 1713 469 1756 ex
490 1694 655 1756 eiusmodi
677 1694 972 1758 coniunctionibus
988 1703 1155 1757 natorum.
1173 1695 1294 1776 Neque

99 1813 227 1877 sactum
247 1814 328 1877 illud
350 1815 392 1877 ad
414 1813 642 1877 cohibendam
663 1813 811 1895 aliquam
832 1813 1019 1889 libidinem,
1040 1834 1127 1895 quae
1144 1814 1293 1896 alioquin

98 1935 234 2016 saepius
265 1942 354 1998 esset
384 1943 555 2018 eruptura,
587 1934 684 1996 testis
711 1941 762 1995 est
788 1933 1002 2008 Iustinianus‚
1026 1935 1094 2016 qui,
1119 1942 1294 2016 tamquam

99 2075 173 2117 rem
193 2074 328 2137 prorsus
348 2053 501 2117 inutilem
523 2061 557 2116 et
573 2054 754 2117 absurdam
771 2052 871 2135 plane
885 2053 1028 2116 sustulit.
1042 2052 1159 2135 Atque
1172 2054 1294 2116 eodem

100 2174 206 2237 modo
237 2194 304 2256 quo
335 2173 475 2236 Tacitus
506 2171 688 2236 Suetonius
717 2192 854 2254 quoque
879 2180 1010 2256 peccat,
1035 2173 1140 2235 immo
1163 2173 1298 2255 gravior

98 2295 215 2368 etiam,
235 2294 263 2356 si
284 2293 355 2356 fieri
375 2301 500 2376 potest,
521 2292 608 2355 illius
628 2313 721 2354 error
740 2301 801 2355 est.
819 2292 852 2355 Is
869 2293 958 2355 enirn
976 2291 1010 2354 et
1023 2301 1133 2354 totum
1147 2301 1298 2355 senatus·

98 2413 293 2476 consultum
324 2412 537 2495 Vespasiano
569 2411 741 2486 adscribit,
773 2412 808 2475 et
841 2413 883 2475 de
915 2410 974 2474 illo
1005 2410 1093 2475 hanc
1122 2411 1297 2495 profundit

98 2534 303 2616 sapientiam
334 2531 597 2615 ludimagistello
628 2533 766 2616 dignam
797 2533 903 2614 magis
928 2553 1029 2614 quam
1054 2533 1215 2595 historico
1240 2533 1297 2615 qui

99 2652 227 2716 adultis
258 2652 374 2715 scribit
406 2653 446 2734 (c.
484 2653 551 2734 11):
583 2653 719 2734 „lubido
743 2661 847 2735 atque
870 2653 1003 2716 luxuria
1027 2665 1187 2718 coercente
1209 2653 1298 2717 nullo

98 2773 302 2847 invaluerat,
327 2780 446 2835 auctor
468 2772 599 2834 senatui
624 2771 687 2834 luit
711 2772 927 2848 decernendi,
954 2781 990 2835 ut
1014 2793 1102 2854 quae
1126 2793 1160 2834 se
1185 2771 1297 2836 alieno

98 2912 202 2956 servo
225 2892 387 2955 iunxisset
411 2891 531 2954 ancilla
556 2891 768 2955 haberetur”!
794 2891 886 2974 Ergo
911 2901 1090 2976 tantopere
1115 2894 1171 2956 illa
1191 2894 1297 2957 libido

98 3010 291 3075 invaluerat
326 3019 360 3073 et
396 3011 553 3094 frequens
588 3011 678 3074 lacta
712 3020 794 3086 erat,
827 3021 865 3074 ut
895 3032 938 3075 ne
969 3021 1043 3076 tota
1074 3013 1194 3076 civitas
1224 3033 1299 3096 per·

100 3133 270 3195 mixtione
294 3131 465 3213 sanguinis
489 3139 771 3213 corrumperetur,
793 3139 895 3212 atque
917 3132 1004 3196 adeo
1024 3134 1299 3215 pessumdaretur

100 3261 256 3315 metuere
275 3253 464 3334 inciperent
482 3271 602 3332 graves
620 3250 667 3313 illi
683 3260 857 3314 senatores
870 3251 1046 3316 Claudiani
1060 3253 1113 3316 vel
1128 3253 1299 3318 Flaviani!

146 3370 193 3432 A.
218 3370 297 3446 XII,
321 3371 365 3434 60
392 3371 698 3452 ,(Procuratoribus
721 3371 801 3454 suis)
825 3372 984 3437 Claudius
1005 3394 1106 3437 omne
1126 3375 1177 3436 ius
1196 3375 1300 3438 tradi·

99 3492 166 3566 dit,
192 3491 234 3552 de
258 3510 327 3572 quo
352 3489 478 3552 totiens
501 3491 669 3553 seditione
692 3500 751 3554 aut
775 3494 877 3555 armis
899 3501 1076 3568 certatum,
1102 3513 1179 3555 curn
1204 3491 1296 3556 Sern-

99 3610 233 3694 proniis
256 3610 489 3690 rogationibus
512 3618 669 3691 equester
693 3611 778 3674 ordo
802 3612 836 3674 in
861 3612 1072 3692 possessione
1097 3611 1296 3673 iudiciorum

97 3729 283 3804 locaretur,
303 3737 362 3791 aut
382 3747 511 3791 rursum
533 3728 694 3792 Serviliae
711 3729 802 3812 leges
818 3730 949 3793 senatui
967 3730 1090 3793 iudicia
1106 3730 1299 3806 redderent,

100 3849 301 3931 Mariusque
324 3856 359 3911 et
384 3847 477 3912 Sulla
499 3848 580 3912 olim
606 3850 648 3912 de
673 3870 714 3912 eo
739 3849 792 3912 vel
818 3850 998 3932 praecipue
1024 3848 1223 3913 bellarent”.

147 3969 232 4031 Post
261 3968 438 4032 redderent
468 3967 709 4051 Nipperdeyus
742 3969 773 4030 in
807 3977 948 4050 utraque
981 3969 1131 4033 editione
1159 3970 1299 4034 lacunae

98 4089 219 4171 posuit
249 4088 392 4169 signum.
426 4087 503 4169 Quo
533 4097 743 4170 argumento,
777 4086 896 4170 putas?
929 4087 1028 4170 Quod
1054 4091 1141 4152 duae
1165 4089 1299 4153 suerunt

96 4209 197 4291 leges
222 4206 394 4282 Serviliae,
419 4207 600 4289 Caepionis
623 4207 739 4282 altera,
764 4207 870 4270 altera
891 4208 1060 4283 Glauciae,
1081 4229 1223 4290 quarum
1246 4208 1300 4271 illa

96 4326 318 4392 senatoribus
346 4326 503 4402 reddidit,
530 4327 613 4390 haec
639 4329 759 4390 iterum
783 4329 911 4392 ademit
937 4327 1069 4390 iudicia.
1095 4328 1194 4391 Putat
1218 4349 1300 4410 ergo

98 4448 347 4532 Nipperdeyus
375 4446 533 4510 Tacitum
564 4449 734 4529 scripsisse
769 4496 794 4528 ,.
815 4496 821 4510 .
840 4495 872 4510 ..
898 4446 1019 4510 iudicia
1045 4447 1226 4511 redderent
1249 4449 1303 4512 uel

1142 4565 1158 4618 8
