3258 5240
709 480 742 525 11

125 640 329 705 utilitatem?
361 642 479 724 Atque
511 642 576 705 hoc
607 643 749 723 pridem,
784 644 929 705 necdum
961 643 1098 724 cognita
1123 641 1320 705 Woelfflinii

126 761 368 844 disputatione,
390 781 409 824 a
429 781 483 823 me
504 760 681 824 inventum
697 760 777 824 licet
790 762 888 844 pauci
900 761 1018 836 sciant,
1031 771 1066 825 at
1079 761 1171 824 fideli
1183 769 1320 824 servant

126 881 300 944 memoria.
326 880 411 943 Mihi
435 900 517 943 vero
541 900 609 943 non
634 881 850 944 mediocriter
872 882 952 944 inde
972 882 1092 945 crescit
1113 881 1250 956 fiducia3
1272 882 1319 943 sic

125 1001 218 1063 enim
253 1001 391 1063 credere
426 1001 552 1082 incipio
587 1020 655 1062 non
688 999 789 1082 plane
821 999 942 1063 frustra
973 1020 1027 1063 me
1059 1000 1207 1083 antiquis
1239 1002 1320 1064 dare

125 1138 266 1201 operam
290 1119 520 1200 scriptoribus.

171 1237 230 1300 Ad
272 1237 429 1299 Tacitum
469 1239 562 1318 quod
599 1237 757 1320 pertinet,
793 1237 939 1300 iucunda
974 1236 1030 1299 illa
1065 1247 1099 1301 et
1134 1237 1320 1302 honorifica

126 1353 344 1429 συνέμπτωσις
377 1376 431 1418 me
462 1354 596 1438 impulit
627 1364 664 1419 ut
695 1356 934 1439 investigarem
962 1365 1119 1420 essentne
1143 1367 1319 1440 praeterea

126 1476 160 1538 in
192 1475 483 1539 lucubrationibus
508 1475 590 1537 meis
614 1474 762 1537 Taciteis
785 1474 947 1538 nonnulla
970 1495 1057 1557 quae
1081 1477 1147 1539 iarn
1171 1479 1318 1541 nunc-in

128 1595 242 1657 medio
274 1594 497 1677 proponenda
528 1593 739 1670 viderentur,
764 1594 867 1675 idque
890 1602 962 1656 tum
987 1596 1186 1676 praesertim
1209 1597 1319 1659 facere

128 1716 274 1790 decrevi,
306 1715 333 1777 si
362 1714 530 1795 quaedam
553 1712 600 1774 ibi
624 1712 812 1774 invenirem
837 1733 923 1794 quae
947 1722 1006 1775 aut
1031 1713 1319 1778 Woelfflinianum

127 1836 304 1898 inventum
335 1831 574 1895 confirmarent
605 1839 664 1893 aut
695 1830 898 1894 illustrarent
922 1841 981 1895 aut
1004 1832 1152 1914 denique
1175 1853 1253 1896 cum
1277 1854 1319 1896 eo

126 1953 243 2034 aliquo
267 1952 370 2014 modo
394 1949 625 2013 cohaererent.
651 1948 723 2011 Nec
748 1950 805 2011 diu
830 1949 997 2030 quaesivi:
1024 1971 1105 2014 mox
1125 1953 1216 2015 enim
1237 1974 1319 2017 non·

127 2070 221 2133 nulla
255 2088 491 2151 excerpseram
522 2087 609 2150 quae
641 2067 807 2130 eiusmodi
838 2068 1043 2144 viderentur,
1075 2078 1178 2151 atque
1209 2108 1253 2117 -
1284 2073 1318 2134 id

127 2190 221 2273 quod
249 2189 352 2272 pluris
376 2190 479 2251 etiam
503 2188 585 2251 mihi
609 2197 681 2251 erat
704 2225 748 2234 —
771 2189 819 2251 ita
843 2197 981 2270 possent
1004 2191 1165 2272 componi
1189 2199 1226 2254 ut
1250 2212 1318 2255 non

127 2310 268 2391 quidem
299 2307 491 2371 absolutum
522 2308 682 2370 existeret
714 2327 866 2389 opus-
890 2307 972 2370 illud
1002 2317 1116 2371 autem
1149 2311 1223 2392 quis
1255 2310 1318 2374 hac

129 2437 245 2492 aetate
264 2428 370 2511 possit
390 2425 544 2510 sperare?
556 2463 600 2473 -
612 2428 672 2489 sed
693 2435 808 2489 tamen
828 2425 955 2508 aliquid
970 2429 1073 2508 quod,
1087 2429 1322 2512 qualecunque

129 2555 230 2622 esset,
261 2547 295 2609 in
326 2567 362 2608 se
393 2555 481 2609 esset
509 2553 599 2608 teres
622 2554 724 2627 atque
749 2546 943 2608 rotundum.
968 2545 1151 2628 Quomodo
1176 2549 1257 2611 mihi
1282 2570 1322 2612 ea

128 2686 184 2729 res
207 2665 345 2729 cesserit
369 2666 498 2747 peritus
521 2673 623 2746 atque
648 2684 777 2746 aequus
804 2666 919 2728 videat
943 2685 1072 2729 censor.
