3248 5230
680 413 744 481 247

165 576 206 638 A.
232 576 312 652 XII,
336 577 389 656 64.
415 575 578 640 Portenta
601 586 635 640 et
659 577 724 641 alia
748 577 936 642 referuntur
959 587 994 642 et
1017 579 1100 642 hoc:

167 695 260 776 ,Suis
284 695 371 760 setus
395 697 516 772 editus,
542 698 594 760 cui
619 698 818 781 accipitrum
841 719 970 780 ungues
993 697 1174 762 inessent.”

161 815 195 880 Si
229 837 282 878 me
314 817 420 891 audis,
454 818 625 901 accipitris
648 817 751 900 leges
776 818 833 880 An
858 838 926 882 non
950 819 1031 880 satis
1054 817 1237 881 absurdum
1261 818 1308 880 vi-

123 937 215 1000 detur
238 944 447 1020 portentum,
473 938 535 1026 nisi
559 944 618 1000 aut
642 938 684 1000 de
709 936 860 1020 pluribus
883 937 1040 1021 porcellis
1064 947 1225 1013 narretur,
1250 945 1309 1001 aut

123 1056 162 1118 de
185 1075 253 1119 uno
277 1055 438 1139 porcello,
462 1057 521 1138 qui
544 1056 675 1138 aliquot
698 1057 897 1140 accipitrum
921 1056 1078 1120 habuerit
1101 1055 1249 1139 ungues?

164 1293 206 1356 A.
232 1294 311 1370 XII,
334 1293 387 1357 66.
414 1294 558 1357 Veneno
583 1295 625 1357 de
646 1294 760 1357 medio
780 1295 899 1358 tollere
920 1293 1097 1358 Claudium
1117 1294 1309 1378 Agrippina

124 1414 287 1477 decernit:

169 1531 355 1615 ,Deligitur
378 1531 501 1596 artifex
525 1531 642 1596 talium
664 1532 830 1596 vocabulo
850 1533 1009 1609 Locusta,
1030 1555 1138 1617 nuper
1155 1535 1309 1598 veneficii

126 1653 281 1715 damnata
305 1659 341 1715 et
363 1652 421 1715 diu
445 1653 532 1714 Inter
556 1653 780 1715 instrumenta
804 1653 898 1734 regni
923 1651 1072 1715 habita”

165 1771 293 1834 Verum
325 1779 377 1834 est
411 1771 595 1834 Locustam
627 1770 705 1834 huic
727 1770 844 1833 sceleri
869 1772 926 1834 diu
952 1770 1050 1834 fuisse
1074 1773 1307 1855 superstitem:

125 1890 248 1954 Galbae
269 1892 360 1953 enim
381 1891 594 1972 imperatoris
613 1890 703 1952 iussu
723 1909 851 1972 poenas
864 1890 969 1952 dedit.
991 1890 1059 1955 Sed
1073 1893 1147 1972 quis
1160 1912 1308 1974 unquam

125 2011 251 2073 audivit
283 2010 447 2073 adverbio
477 2011 534 2074 diu
567 2029 643 2072 cum
667 2009 847 2093 participio
870 2009 1011 2092 perfecti
1035 2011 1150 2075 iuncto
1175 2020 1310 2096 tempus

124 2138 297 2192 venturum
324 2127 512 2210 designari?
532 2165 575 2175 —
596 2129 733 2211 Ergone
757 2129 811 2192 hic
835 2131 1055 2212 praeteritum
1079 2139 1214 2214 tempus
1237 2153 1309 2196 ver·

124 2249 171 2311 bis
205 2249 281 2330 „diu
314 2249 402 2311 inter
432 2250 656 2312 instrumenta
688 2250 780 2331 regni
812 2248 950 2312 habita”
982 2249 1208 2331 significatur?
1234 2251 1310 2315 Hoc

125 2368 339 2450 pertinaciter
358 2387 463 2449 nego:
488 2379 593 2451 nuper
613 2367 703 2430 enim
725 2367 878 2430 veneficii
899 2368 1060 2432 damnata
1079 2378 1130 2432 est
1150 2369 1308 2445 Locusta,

124 2495 222 2569 atque
246 2488 321 2570 ipso
345 2488 494 2563 demum,
519 2495 556 2550 ut
581 2487 711 2569 opinor,
735 2487 860 2550 iudicio
884 2488 993 2569 patuit
1018 2508 1119 2570 quam
1144 2499 1233 2553 esset
1254 2510 1310 2553 ne-

126 2605 222 2670 fariae
254 2608 335 2669 artis
366 2607 475 2688 perita
506 2605 572 2669 illa.
605 2605 681 2669 Hoc
713 2626 794 2688 ergo
826 2615 996 2670 narratum
1021 2627 1093 2670 esse
1116 2609 1310 2690 suspicora

124 2724 257 2788 Tacito:
280 2727 387 2807 ipsam
408 2725 663 2788 damnationem
683 2725 772 2788 hunc
791 2726 948 2789 habuisse
961 2726 1119 2789 effectum
1132 2735 1170 2790 ut
1181 2727 1310 2791 aulicae

124 2844 291 2907 veneficae
316 2865 437 2907 munus
461 2844 629 2907 Locustae
650 2846 876 2909 mandaretur.
902 2845 1012 2919 Certe,
1034 2846 1090 2908 ubi
1111 2846 1309 2909 damnatum

123 2963 266 3045 aliquem
296 2962 432 3045 capitali
456 2964 596 3026 crimine
621 2963 772 3046 legimuS,
798 2964 879 3046 quid
904 2965 1028 3028 deinde
1053 2985 1094 3028 eo
1119 2965 1244 3028 Iactum
1268 2968 1311 3030 sit

124 3103 325 3166 cognoscere
347 3085 417 3146 iure
430 3093 546 3147 nostro
559 3086 739 3167 poscimus.
760 3083 861 3166 Quod
875 3085 928 3147 hic
942 3086 1162 3149 desideratur.
1182 3085 1310 3150 Ordine

123 3209 192 3266 tota
223 3204 387 3286 procedet
412 3202 570 3279 narratio,
594 3203 621 3265 si
645 3223 707 3285 pro
731 3204 788 3266 diu
812 3203 963 3286 legemus
987 3205 1071 3280 inde,
1095 3204 1229 3269 aliudve
1252 3207 1311 3269 ad·

123 3322 274 3385 verbium
296 3341 435 3412 pausam
459 3321 692 3404 originemque
716 3321 918 3403 significans

166 3560 209 3623 A.
235 3559 330 3635 XIII,
362 3577 387 3622 1.
413 3559 504 3623 Inter
529 3579 645 3622 causas
665 3579 724 3622 cur
744 3560 841 3623 Iunio
861 3557 977 3623 Silano
997 3581 1117 3625 necem
1138 3561 1311 3626 moliretur

125 3677 313 3763 Agrippina
337 3686 409 3741 erat
432 3687 468 3741 et

170 3799 307 3880 ⁷,crebra
339 3796 430 3880 vulgi
454 3796 544 3861 sama
567 3798 846 3880 anteponendum
870 3819 942 3861 esse
967 3799 1107 3863 vixdum
1132 3800 1311 3882 pueritiam

126 3936 256 3999 egresso
287 3917 415 3980 Neroni
440 3926 474 3980 et
498 3918 676 3999 imperium
700 3937 761 3999 per
784 3916 891 3980 scelus
914 3919 1043 4001 adepto
1068 3920 1176 3982 virum
1199 3929 1312 3984 aetate

126 4036 320 4120 composita,
355 4036 534 4111 insontem,
567 4035 727 4110 nobilem,
760 4044 794 4098 et
825 4036 917 4118 quod
942 4045 1023 4099 tunc
1047 4046 1311 4120 spectaretur‚e

127 4153 274 4220 Caesaris
297 4153 476 4239 posteris.”

170 4275 296 4358 Ipsum,
328 4283 365 4336 ut
389 4275 521 4356 opinor,
545 4273 673 4354 vulgus,
699 4273 790 4354 quod
816 4273 962 4336 Neronis
985 4281 1140 4358 tempore
1163 4273 1312 4348 vivebat,

127 4393 206 4456 scire
230 4394 394 4476 nequibat
418 4392 600 4474 aliquando
624 4391 771 4454 futurum
795 4401 939 4473 tempus,
965 4413 1033 4474 quo
1054 4393 1087 4455 in
1108 4392 1312 4475 imperatore
