888 1454
481 161 502 178 54

193 203 238 219 sacta
250 205 291 219 erat⁴
304 203 338 219 Sed
351 203 384 218 hoc
396 202 432 218 vult
444 202 514 218 Tacitus
525 205 576 223 atque
589 203 640 223 paulo
651 203 745 219 contortius
755 203 790 219 eio-

192 233 258 254 quitur:
273 237 385 253 ,quamquam
398 235 463 248 moesta
476 235 512 248 erat
524 232 570 248 urbis
580 232 636 251 facies,
646 232 722 248 habebat
732 235 790 248 tamen

192 263 247 279 solatii
264 263 336 283 aliquid:
351 263 368 278 in
381 265 456 278 mentem
468 262 513 278 enim
526 262 617 278 revocabat
630 262 700 283 antiqua
712 264 790 283 tempora

192 293 254 314 quibus
266 295 305 313 post
318 297 379 313 magna
391 292 455 312 proelia
467 292 512 308 idem
525 292 560 308 fieri
573 292 655 308 solebat''.

216 323 276 343 Neque
287 324 327 338 sunt
339 322 401 338 diversi
414 321 430 337 hi
442 322 484 337 loci:

215 352 261 368 Ann.
274 352 304 371 VI,
317 356 347 371 24:

217 382 291 402 ¹‚Drusus
307 381 409 402 (Germanici
425 381 475 402 filius)
491 381 604 402 exstinguitur
665 382 742 398 centurio
755 382 789 403 (qui

193 413 209 428 in
222 417 289 428 carcere
300 417 360 428 omnes
372 412 408 427 eius
418 417 469 427 voces
478 412 575 432 exceperat)
586 424 590 427 .
598 424 601 427 .
609 424 612 428 .
620 424 624 427 .
635 417 685 428 voces
695 412 791 428 deficientis

192 443 220 463 (ad
232 442 319 458 Tiberium
333 442 408 463 pertulit)
470 442 507 462 quis
520 442 574 462 primo
587 443 635 462 quasi
645 447 675 462 per
685 442 790 458 dementiam

193 471 258 487 funesta
274 471 349 489 Tiberio.
363 476 409 490 rnox,
422 471 450 487 ubi
462 476 523 492 exspes
536 472 580 487 vitae
593 472 628 491 fuit,
642 472 732 488 meditatas
744 477 790 488 corn-

193 502 290 522 positasque
307 501 351 517 diras
367 501 498 522 imprecabatur,
514 503 537 520 ut,
550 506 600 522 quem
613 502 635 517 ad
647 502 717 517 modum
729 507 790 518 nurum

193 531 279 552 filiumque
289 531 344 547 fratris
354 533 371 547 et
382 533 453 552 nepotes
463 531 567 552 domumque
577 536 646 547 ornnem
655 532 736 548 caedibus
744 537 790 548 com-

193 561 273 582 plevisset
285 566 300 577 e.
313 566 330 581 q.
342 561 372 576 s.⁷'.

216 591 255 607 Post
267 594 330 612 nepotes
343 591 418 607 Ritterus
429 591 487 607 inserit
497 594 575 607 necasset:
586 591 652 610 frustra,
663 596 702 607 nam
712 591 739 607 hic
748 596 790 612 quu—

193 626 226 642 que
238 621 280 637 duas
292 626 318 637 res
330 621 399 637 Tacitus
411 621 427 636 in
440 626 491 637 unam
504 623 569 637 coartat
580 623 686 637 structuram.
697 621 789 642 Vulgatarn

193 651 284 667 lectionem
296 651 363 671 egregie
375 653 432 666 tuetur
444 651 490 671 quod
503 656 517 666 c.
529 655 549 670 41
563 651 633 672 legitur:

217 681 307 701 ‚Clitarum
324 681 370 696 natio
429 681 445 696 in
462 681 501 701 iuga
512 680 563 696 Tauri
576 681 638 697 montis
650 681 732 697 abscessit
744 681 790 697 loco-

193 715 263 731 rumque
280 711 348 731 ingenio
363 716 400 726 sese
454 710 541 726 tutabatur
553 722 557 726 .
565 722 580 726 ..
592 711 646 727 donec
660 711 683 727 M.
695 711 791 727 Trebellius

192 741 258 761 legatus
270 753 285 756 ..
292 753 296 756 .
308 741 351 756 duos
363 740 420 759 colles,
433 746 476 761 quos
488 740 555 756 barbari
566 741 662 756 insederant
673 753 677 757 .
684 753 688 757 .
695 753 699 757 .
710 741 791 762 operibus

193 771 304 786 circumdedit
320 773 338 786 et
353 775 442 791 erumpere
454 775 504 786 ausos
516 770 565 789 ferro,
577 773 644 786 eeteros
655 771 682 786 siti
695 771 716 787 ad
729 771 791 787 dediti-

193 805 243 816 onem
256 800 329 821 coegit'ss

215 830 234 846 Id
250 832 285 845 est:
303 835 400 850 ¹,erumpere
416 834 466 845 ausus
482 829 526 845 ferro
541 830 637 849 trucidavit.
650 832 716 846 ceteros
728 831 755 846 siti
767 831 790 846 ad

193 860 298 875 deditionem
310 859 383 880 coegit¹'⁴
