<?xml version="1.0" encoding="UTF-8"?>
<!DOCTYPE html PUBLIC "-//W3C//DTD XHTML 1.0 Transitional//EN"
    "http://www.w3.org/TR/xhtml1/DTD/xhtml1-transitional.dtd">
<html xmlns="http://www.w3.org/1999/xhtml" xml:lang="en" lang="en">
 <head>
  <title>
</title>
<meta http-equiv="Content-Type" content="text/html;charset=utf-8" />
  <meta name='ocr-system' content='tesseract 3.04.00' />
  <meta name='ocr-capabilities' content='ocr_page ocr_carea ocr_par ocr_line ocrx_word'/>
</head>
<body>
  <div class='ocr_page' id='page_1' title='image "./analectatacitea01hartgoog_0205.png"; bbox 0 0 3228 5236; ppageno 0'>
   <div class='ocr_carea' id='block_1_1' title="bbox 868 1311 964 1375">
    <p class='ocr_par' dir='ltr' id='par_1_1' title="bbox 868 1311 964 1375">
     <span class='ocr_line' id='line_1_1' title="bbox 868 1311 964 1375; baseline -0.042 0"><span class='ocrx_word' id='word_1_1' title='bbox 868 1311 964 1375; x_wconf 91' lang='lat' dir='ltr'>XVI.</span> 
     </span>
    </p>
   </div>
   <div class='ocr_carea' id='block_1_2' title="bbox 317 1533 1511 2455">
    <p class='ocr_par' dir='ltr' id='par_1_2' title="bbox 317 1533 1511 2455">
     <span class='ocr_line' id='line_1_2' title="bbox 364 1533 1506 1624; baseline 0.003 -29"><span class='ocrx_word' id='word_1_2' title='bbox 364 1533 544 1624; x_wconf 83' lang='lat' dir='ltr'>Manifesto</span> <span class='ocrx_word' id='word_1_3' title='bbox 576 1555 657 1618; x_wconf 90' lang='lat' dir='ltr'>ergo</span> <span class='ocrx_word' id='word_1_4' title='bbox 689 1545 831 1619; x_wconf 90' lang='lat' dir='ltr'>apparet</span> <span class='ocrx_word' id='word_1_5' title='bbox 862 1558 904 1601; x_wconf 92' lang='lat' dir='ltr'>eo</span> <span class='ocrx_word' id='word_1_6' title='bbox 928 1545 1108 1618; x_wconf 89' lang='lat' dir='ltr'>utrumque</span> <span class='ocrx_word' id='word_1_7' title='bbox 1132 1535 1286 1599; x_wconf 89' lang='lat' dir='ltr'>codicem</span> <span class='ocrx_word' id='word_1_8' title='bbox 1313 1535 1506 1599; x_wconf 91' lang='lat' dir='ltr'>Mediceum</span> 
     </span>
     <span class='ocr_line' id='line_1_3' title="bbox 317 1650 1508 1737; baseline 0.003 -25"><span class='ocrx_word' id='word_1_9' title='bbox 317 1650 471 1714; x_wconf 90' lang='lat' dir='ltr'>laborare</span> <span class='ocrx_word' id='word_1_10' title='bbox 502 1653 634 1728; x_wconf 87' lang='lat' dir='ltr'>morbo,</span> <span class='ocrx_word' id='word_1_11' title='bbox 665 1654 708 1717; x_wconf 93' lang='lat' dir='ltr'>de</span> <span class='ocrx_word' id='word_1_12' title='bbox 739 1675 808 1736; x_wconf 91' lang='lat' dir='ltr'>quo</span> <span class='ocrx_word' id='word_1_13' title='bbox 840 1675 929 1718; x_wconf 91' lang='lat' dir='ltr'>nunc</span> <span class='ocrx_word' id='word_1_14' title='bbox 959 1656 1109 1737; x_wconf 87' lang='lat' dir='ltr'>agimus;</span> <span class='ocrx_word' id='word_1_15' title='bbox 1142 1654 1248 1716; x_wconf 90' lang='lat' dir='ltr'>oculis</span> <span class='ocrx_word' id='word_1_16' title='bbox 1280 1653 1450 1716; x_wconf 90' lang='lat' dir='ltr'>cernimus</span> <span class='ocrx_word' id='word_1_17' title='bbox 1474 1662 1508 1716; x_wconf 92' lang='lat' dir='ltr'>et</span> 
     </span>
     <span class='ocr_line' id='line_1_4' title="bbox 318 1773 1510 1846; baseline 0.003 -15"><span class='ocrx_word' id='word_1_18' title='bbox 318 1778 450 1832; x_wconf 88' lang='lat' dir='ltr'>tanturn</span> <span class='ocrx_word' id='word_1_19' title='bbox 476 1791 543 1834; x_wconf 93' lang='lat' dir='ltr'>non</span> <span class='ocrx_word' id='word_1_20' title='bbox 568 1773 724 1836; x_wconf 88' lang='lat' dir='ltr'>manibus</span> <span class='ocrx_word' id='word_1_21' title='bbox 748 1783 903 1837; x_wconf 92' lang='lat' dir='ltr'>tenemus</span> <span class='ocrx_word' id='word_1_22' title='bbox 922 1774 1134 1837; x_wconf 86' lang='lat' dir='ltr'>librariorum</span> <span class='ocrx_word' id='word_1_23' title='bbox 1155 1791 1295 1846; x_wconf 89' lang='lat' dir='ltr'>errores,</span> <span class='ocrx_word' id='word_1_24' title='bbox 1316 1774 1510 1835; x_wconf 89' lang='lat' dir='ltr'>annotatio-</span> 
     </span>
     <span class='ocr_line' id='line_1_5' title="bbox 320 1890 1510 1972; baseline 0.001 -21"><span class='ocrx_word' id='word_1_25' title='bbox 320 1909 388 1963; x_wconf 89' lang='lat' dir='ltr'>nes,</span> <span class='ocrx_word' id='word_1_26' title='bbox 421 1911 522 1972; x_wconf 87' lang='lat' dir='ltr'>saepe</span> <span class='ocrx_word' id='word_1_27' title='bbox 551 1892 796 1968; x_wconf 77' lang='lat' dir='ltr'>insulsissimaS,</span> <span class='ocrx_word' id='word_1_28' title='bbox 821 1892 854 1954; x_wconf 93' lang='lat' dir='ltr'>in</span> <span class='ocrx_word' id='word_1_29' title='bbox 878 1900 1011 1956; x_wconf 90' lang='lat' dir='ltr'>textum</span> <span class='ocrx_word' id='word_1_30' title='bbox 1036 1890 1321 1954; x_wconf 82' lang='lat' dir='ltr'>transferentium.</span> <span class='ocrx_word' id='word_1_31' title='bbox 1358 1890 1427 1956; x_wconf 88' lang='lat' dir='ltr'>Sed</span> <span class='ocrx_word' id='word_1_32' title='bbox 1453 1893 1510 1953; x_wconf 90' lang='lat' dir='ltr'>vix</span> 
     </span>
     <span class='ocr_line' id='line_1_6' title="bbox 320 2009 1511 2095; baseline 0.002 -24"><span class='ocrx_word' id='word_1_33' title='bbox 320 2009 485 2073; x_wconf 88' lang='lat' dir='ltr'>minorem</span> <span class='ocrx_word' id='word_1_34' title='bbox 510 2010 637 2075; x_wconf 90' lang='lat' dir='ltr'>habent</span> <span class='ocrx_word' id='word_1_35' title='bbox 662 2013 890 2095; x_wconf 90' lang='lat' dir='ltr'>persuadendi</span> <span class='ocrx_word' id='word_1_36' title='bbox 914 2013 983 2076; x_wconf 91' lang='lat' dir='ltr'>vim</span> <span class='ocrx_word' id='word_1_37' title='bbox 1008 2013 1028 2075; x_wconf 95' lang='lat' dir='ltr'>ii</span> <span class='ocrx_word' id='word_1_38' title='bbox 1054 2011 1130 2087; x_wconf 88' lang='lat' dir='ltr'>loci,</span> <span class='ocrx_word' id='word_1_39' title='bbox 1155 2031 1240 2094; x_wconf 92' lang='lat' dir='ltr'>quos</span> <span class='ocrx_word' id='word_1_40' title='bbox 1264 2012 1311 2074; x_wconf 92' lang='lat' dir='ltr'>sic</span> <span class='ocrx_word' id='word_1_41' title='bbox 1331 2019 1511 2093; x_wconf 88' lang='lat' dir='ltr'>corruptos</span> 
     </span>
     <span class='ocr_line' id='line_1_7' title="bbox 319 2110 1511 2215; baseline 0.001 -23"><span class='ocrx_word' id='word_1_42' title='bbox 319 2149 392 2192; x_wconf 90' lang='lat' dir='ltr'>esse</span> <span class='ocrx_word' id='word_1_43' title='bbox 424 2110 491 2194; x_wconf 88' lang='lat' dir='ltr'>non</span> <span class='ocrx_word' id='word_1_44' title='bbox 517 2133 672 2196; x_wconf 89' lang='lat' dir='ltr'>videmus</span> <span class='ocrx_word' id='word_1_45' title='bbox 695 2135 845 2215; x_wconf 90' lang='lat' dir='ltr'>quidem,</span> <span class='ocrx_word' id='word_1_46' title='bbox 871 2134 930 2196; x_wconf 91' lang='lat' dir='ltr'>sed</span> <span class='ocrx_word' id='word_1_47' title='bbox 954 2134 1110 2197; x_wconf 87' lang='lat' dir='ltr'>audimus</span> <span class='ocrx_word' id='word_1_48' title='bbox 1134 2141 1168 2196; x_wconf 93' lang='lat' dir='ltr'>et</span> <span class='ocrx_word' id='word_1_49' title='bbox 1192 2133 1266 2214; x_wconf 90' lang='lat' dir='ltr'>ipsa</span> <span class='ocrx_word' id='word_1_50' title='bbox 1288 2151 1370 2194; x_wconf 92' lang='lat' dir='ltr'>sana</span> <span class='ocrx_word' id='word_1_51' title='bbox 1393 2133 1511 2195; x_wconf 91' lang='lat' dir='ltr'>admo-</span> 
     </span>
     <span class='ocr_line' id='line_1_8' title="bbox 319 2252 1511 2335; baseline 0.001 -24"><span class='ocrx_word' id='word_1_52' title='bbox 319 2269 438 2312; x_wconf 91' lang='lat' dir='ltr'>nemur</span> <span class='ocrx_word' id='word_1_53' title='bbox 473 2261 597 2314; x_wconf 91' lang='lat' dir='ltr'>mente.</span> <span class='ocrx_word' id='word_1_54' title='bbox 634 2252 856 2317; x_wconf 87' lang='lat' dir='ltr'>Confidenter</span> <span class='ocrx_word' id='word_1_55' title='bbox 891 2253 968 2329; x_wconf 87' lang='lat' dir='ltr'>iam,</span> <span class='ocrx_word' id='word_1_56' title='bbox 1004 2254 1061 2335; x_wconf 90' lang='lat' dir='ltr'>qui</span> <span class='ocrx_word' id='word_1_57' title='bbox 1096 2273 1140 2316; x_wconf 91' lang='lat' dir='ltr'>ex</span> <span class='ocrx_word' id='word_1_58' title='bbox 1174 2253 1240 2315; x_wconf 91' lang='lat' dir='ltr'>isto</span> <span class='ocrx_word' id='word_1_59' title='bbox 1274 2271 1399 2334; x_wconf 88' lang='lat' dir='ltr'>genere</span> <span class='ocrx_word' id='word_1_60' title='bbox 1433 2258 1511 2313; x_wconf 89' lang='lat' dir='ltr'>sunt</span> 
     </span>
     <span class='ocr_line' id='line_1_9' title="bbox 319 2370 1037 2455; baseline 0.007 -25"><span class='ocrx_word' id='word_1_61' title='bbox 319 2370 501 2450; x_wconf 88' lang='lat' dir='ltr'>praecipui,</span> <span class='ocrx_word' id='word_1_62' title='bbox 528 2370 633 2434; x_wconf 90' lang='lat' dir='ltr'>hocce</span> <span class='ocrx_word' id='word_1_63' title='bbox 659 2392 889 2455; x_wconf 88' lang='lat' dir='ltr'>proponemus</span> <span class='ocrx_word' id='word_1_64' title='bbox 914 2373 1037 2455; x_wconf 90' lang='lat' dir='ltr'>capite.</span> 
     </span>
    </p>
   </div>
   <div class='ocr_carea' id='block_1_3' title="bbox 363 2489 1509 2575">
    <p class='ocr_par' dir='ltr' id='par_1_3' title="bbox 363 2489 1509 2575">
     <span class='ocr_line' id='line_1_10' title="bbox 363 2489 1509 2575; baseline 0.002 -23"><span class='ocrx_word' id='word_1_65' title='bbox 363 2489 455 2552; x_wconf 86' lang='lat' dir='ltr'>Ann.</span> <span class='ocrx_word' id='word_1_66' title='bbox 488 2490 513 2565; x_wconf 93' lang='lat' dir='ltr'>I,</span> <span class='ocrx_word' id='word_1_67' title='bbox 545 2492 598 2555; x_wconf 91' lang='lat'>61.</span> <span class='ocrx_word' id='word_1_68' title='bbox 631 2492 808 2575; x_wconf 90' lang='lat' dir='ltr'>Campum,</span> <span class='ocrx_word' id='word_1_69' title='bbox 842 2493 898 2556; x_wconf 87' lang='lat' dir='ltr'>ubi</span> <span class='ocrx_word' id='word_1_70' title='bbox 932 2492 1101 2556; x_wconf 87' lang='lat' dir='ltr'>Varianae</span> <span class='ocrx_word' id='word_1_71' title='bbox 1125 2493 1324 2555; x_wconf 90' lang='lat' dir='ltr'>interierunt</span> <span class='ocrx_word' id='word_1_72' title='bbox 1347 2490 1509 2573; x_wconf 85' lang='lat' dir='ltr'>legiones,</span> 
     </span>
    </p>
   </div>
   <div class='ocr_carea' id='block_1_4' title="bbox 294 2608 1509 4480">
    <p class='ocr_par' dir='ltr' id='par_1_4' title="bbox 319 2608 829 2695">
     <span class='ocr_line' id='line_1_11' title="bbox 319 2608 829 2695; baseline 0.004 -23"><span class='ocrx_word' id='word_1_73' title='bbox 319 2608 539 2674; x_wconf 88' lang='lat' dir='ltr'>Germanicus</span> <span class='ocrx_word' id='word_1_74' title='bbox 563 2612 829 2695; x_wconf 86' lang='lat' dir='ltr'>contemplatur:</span> 
     </span>
    </p>

    <p class='ocr_par' dir='ltr' id='par_1_5' title="bbox 318 2729 1509 3151">
     <span class='ocr_line' id='line_1_12' title="bbox 367 2729 1508 2814; baseline 0.001 -23"><span class='ocrx_word' id='word_1_75' title='bbox 367 2729 432 2808; x_wconf 82' lang='lat' dir='ltr'>„Et</span> <span class='ocrx_word' id='word_1_76' title='bbox 463 2730 568 2793; x_wconf 92' lang='lat' dir='ltr'>cladis</span> <span class='ocrx_word' id='word_1_77' title='bbox 599 2733 670 2794; x_wconf 91' lang='lat' dir='ltr'>eius</span> <span class='ocrx_word' id='word_1_78' title='bbox 701 2733 917 2814; x_wconf 85' lang='lat' dir='ltr'>superstites,</span> <span class='ocrx_word' id='word_1_79' title='bbox 949 2750 1097 2814; x_wconf 88' lang='lat' dir='ltr'>pugnam</span> <span class='ocrx_word' id='word_1_80' title='bbox 1130 2739 1189 2793; x_wconf 92' lang='lat' dir='ltr'>aut</span> <span class='ocrx_word' id='word_1_81' title='bbox 1219 2729 1353 2793; x_wconf 88' lang='lat' dir='ltr'>vincula</span> <span class='ocrx_word' id='word_1_82' title='bbox 1384 2729 1508 2812; x_wconf 90' lang='lat' dir='ltr'>elapsi,</span> 
     </span>
     <span class='ocr_line' id='line_1_13' title="bbox 318 2848 1508 2934; baseline 0.001 -23"><span class='ocrx_word' id='word_1_83' title='bbox 318 2848 509 2913; x_wconf 78' lang='lat' dir='ltr'>referebant</span> <span class='ocrx_word' id='word_1_84' title='bbox 533 2850 588 2912; x_wconf 92' lang='lat' dir='ltr'>hic</span> <span class='ocrx_word' id='word_1_85' title='bbox 612 2852 774 2914; x_wconf 90' lang='lat' dir='ltr'>cecidisse</span> <span class='ocrx_word' id='word_1_86' title='bbox 799 2850 939 2934; x_wconf 89' lang='lat' dir='ltr'>legatos,</span> <span class='ocrx_word' id='word_1_87' title='bbox 964 2850 1031 2914; x_wconf 93' lang='lat' dir='ltr'>illic</span> <span class='ocrx_word' id='word_1_88' title='bbox 1056 2859 1170 2934; x_wconf 89' lang='lat' dir='ltr'>raptas</span> <span class='ocrx_word' id='word_1_89' title='bbox 1193 2850 1340 2932; x_wconf 89' lang='lat' dir='ltr'>aquilas:</span> <span class='ocrx_word' id='word_1_90' title='bbox 1362 2851 1508 2932; x_wconf 92' lang='lat' dir='ltr'>primurn</span> 
     </span>
     <span class='ocr_line' id='line_1_14' title="bbox 319 2968 1509 3044; baseline 0.002 -14"><span class='ocrx_word' id='word_1_91' title='bbox 319 2968 376 3031; x_wconf 91' lang='lat' dir='ltr'>ubi</span> <span class='ocrx_word' id='word_1_92' title='bbox 407 2969 527 3032; x_wconf 90' lang='lat' dir='ltr'>vulnus</span> <span class='ocrx_word' id='word_1_93' title='bbox 560 2970 652 3033; x_wconf 93' lang='lat' dir='ltr'>Varo</span> <span class='ocrx_word' id='word_1_94' title='bbox 684 2972 854 3044; x_wconf 88' lang='lat' dir='ltr'>adactum,</span> <span class='ocrx_word' id='word_1_95' title='bbox 886 2970 943 3033; x_wconf 92' lang='lat' dir='ltr'>ubi</span> <span class='ocrx_word' id='word_1_96' title='bbox 975 2969 1099 3033; x_wconf 84' lang='lat' dir='ltr'>infelici</span> <span class='ocrx_word' id='word_1_97' title='bbox 1124 2971 1267 3033; x_wconf 90' lang='lat' dir='ltr'>dextera</span> <span class='ocrx_word' id='word_1_98' title='bbox 1291 2977 1436 3032; x_wconf 90' lang='lat' dir='ltr'>mortem</span> <span class='ocrx_word' id='word_1_99' title='bbox 1461 2970 1509 3032; x_wconf 92' lang='lat' dir='ltr'>in·</span> 
     </span>
     <span class='ocr_line' id='line_1_15' title="bbox 319 3089 483 3151; baseline 0.012 -2"><span class='ocrx_word' id='word_1_100' title='bbox 319 3089 483 3151; x_wconf 91' lang='lat' dir='ltr'>venerit.”</span> 
     </span>
    </p>

    <p class='ocr_par' dir='ltr' id='par_1_6' title="bbox 312 3207 1507 3769">
     <span class='ocr_line' id='line_1_16' title="bbox 357 3207 1507 3290; baseline 0.002 -22"><span class='ocrx_word' id='word_1_101' title='bbox 357 3207 456 3270; x_wconf 92' lang='lat' dir='ltr'>Nunc</span> <span class='ocrx_word' id='word_1_102' title='bbox 470 3207 532 3290; x_wconf 95' lang='lat' dir='ltr'>ipsi</span> <span class='ocrx_word' id='word_1_103' title='bbox 546 3207 622 3271; x_wconf 93' lang='lat' dir='ltr'>huic</span> <span class='ocrx_word' id='word_1_104' title='bbox 636 3209 754 3272; x_wconf 87' lang='lat' dir='ltr'>adesse</span> <span class='ocrx_word' id='word_1_105' title='bbox 768 3209 1050 3272; x_wconf 88' lang='lat' dir='ltr'>demonstrationi</span> <span class='ocrx_word' id='word_1_106' title='bbox 1065 3209 1163 3272; x_wconf 92' lang='lat' dir='ltr'>nobis</span> <span class='ocrx_word' id='word_1_107' title='bbox 1175 3209 1340 3284; x_wconf 87' lang='lat' dir='ltr'>videmur,</span> <span class='ocrx_word' id='word_1_108' title='bbox 1351 3209 1507 3272; x_wconf 92' lang='lat' dir='ltr'>audimus</span> 
     </span>
     <span class='ocr_line' id='line_1_17' title="bbox 312 3326 1505 3410; baseline 0.001 -22"><span class='ocrx_word' id='word_1_109' title='bbox 312 3327 478 3409; x_wconf 91' lang='lat' dir='ltr'>singultus</span> <span class='ocrx_word' id='word_1_110' title='bbox 510 3327 695 3403; x_wconf 92' lang='lat' dir='ltr'>hominum,</span> <span class='ocrx_word' id='word_1_111' title='bbox 729 3349 800 3391; x_wconf 92' lang='lat' dir='ltr'>rem</span> <span class='ocrx_word' id='word_1_112' title='bbox 831 3330 1066 3405; x_wconf 89' lang='lat' dir='ltr'>tristissimam,</span> <span class='ocrx_word' id='word_1_113' title='bbox 1100 3348 1202 3410; x_wconf 91' lang='lat' dir='ltr'>quam</span> <span class='ocrx_word' id='word_1_114' title='bbox 1225 3327 1292 3390; x_wconf 93' lang='lat' dir='ltr'>suis</span> <span class='ocrx_word' id='word_1_115' title='bbox 1316 3326 1421 3390; x_wconf 89' lang='lat' dir='ltr'>oculis</span> <span class='ocrx_word' id='word_1_116' title='bbox 1445 3327 1505 3389; x_wconf 93' lang='lat' dir='ltr'>ad·</span> 
     </span>
     <span class='ocr_line' id='line_1_18' title="bbox 312 3445 1504 3531; baseline 0.001 -24"><span class='ocrx_word' id='word_1_117' title='bbox 312 3446 498 3527; x_wconf 91' lang='lat' dir='ltr'>spexerint,</span> <span class='ocrx_word' id='word_1_118' title='bbox 530 3448 645 3529; x_wconf 92' lang='lat' dir='ltr'>paucis</span> <span class='ocrx_word' id='word_1_119' title='bbox 678 3450 789 3512; x_wconf 91' lang='lat' dir='ltr'>verbis</span> <span class='ocrx_word' id='word_1_120' title='bbox 819 3448 1075 3531; x_wconf 89' lang='lat' dir='ltr'>exponentium,</span> <span class='ocrx_word' id='word_1_121' title='bbox 1109 3466 1219 3528; x_wconf 91' lang='lat' dir='ltr'>neque</span> <span class='ocrx_word' id='word_1_122' title='bbox 1248 3446 1395 3528; x_wconf 86' lang='lat' dir='ltr'>patimur</span> <span class='ocrx_word' id='word_1_123' title='bbox 1417 3445 1504 3508; x_wconf 91' lang='lat' dir='ltr'>ludi-</span> 
     </span>
     <span class='ocr_line' id='line_1_19' title="bbox 313 3565 1502 3647; baseline -0.001 -20"><span class='ocrx_word' id='word_1_124' title='bbox 313 3565 511 3647; x_wconf 86' lang='lat' dir='ltr'>magistrum</span> <span class='ocrx_word' id='word_1_125' title='bbox 542 3585 637 3629; x_wconf 91' lang='lat' dir='ltr'>suam</span> <span class='ocrx_word' id='word_1_126' title='bbox 669 3566 720 3629; x_wconf 92' lang='lat' dir='ltr'>his</span> <span class='ocrx_word' id='word_1_127' title='bbox 751 3567 892 3630; x_wconf 87' lang='lat' dir='ltr'>stridula</span> <span class='ocrx_word' id='word_1_128' title='bbox 923 3586 1007 3629; x_wconf 92' lang='lat' dir='ltr'>voce</span> <span class='ocrx_word' id='word_1_129' title='bbox 1039 3565 1269 3628; x_wconf 88' lang='lat' dir='ltr'>intermiscere</span> <span class='ocrx_word' id='word_1_130' title='bbox 1301 3565 1502 3628; x_wconf 88' lang='lat' dir='ltr'>doctrinam.</span> 
     </span>
     <span class='ocr_line' id='line_1_20' title="bbox 312 3669 1385 3769; baseline 0.001 -23"><span class='ocrx_word' id='word_1_131' title='bbox 312 3683 362 3746; x_wconf 84' lang='lat' dir='ltr'>At</span> <span class='ocrx_word' id='word_1_132' title='bbox 387 3685 419 3746; x_wconf 92' lang='lat' dir='ltr'>in</span> <span class='ocrx_word' id='word_1_133' title='bbox 444 3685 562 3748; x_wconf 88' lang='lat' dir='ltr'>codice</span> <span class='ocrx_word' id='word_1_134' title='bbox 587 3694 664 3769; x_wconf 90' lang='lat' dir='ltr'>post</span> <span class='ocrx_word' id='word_1_135' title='bbox 687 3685 818 3769; x_wconf 83' lang='lat' dir='ltr'>infelici</span> <span class='ocrx_word' id='word_1_136' title='bbox 837 3669 975 3750; x_wconf 67' lang='lat' dir='ltr'>dexteri</span> <span class='ocrx_word' id='word_1_137' title='bbox 999 3685 1141 3766; x_wconf 91' lang='lat' dir='ltr'>legimus</span> <span class='ocrx_word' id='word_1_138' title='bbox 1164 3696 1196 3748; x_wconf 85' lang='lat' dir='ltr'>et</span> <span class='ocrx_word' id='word_1_139' title='bbox 1217 3705 1275 3747; x_wconf 88' lang='lat' dir='ltr'>suo</span> <span class='ocrx_word' id='word_1_140' title='bbox 1298 3685 1385 3748; x_wconf 85' lang='lat' dir='ltr'>ictu!</span> 
     </span>
    </p>

    <p class='ocr_par' dir='ltr' id='par_1_7' title="bbox 294 3802 1216 3888">
     <span class='ocr_line' id='line_1_21' title="bbox 294 3802 1216 3888; baseline -0.003 -21"><span class='ocrx_word' id='word_1_141' title='bbox 294 3844 298 3852; x_wconf 86' lang='lat'><strong>·</strong></span> <span class='ocrx_word' id='word_1_142' title='bbox 357 3804 449 3867; x_wconf 89' lang='lat' dir='ltr'>Ann.</span> <span class='ocrx_word' id='word_1_143' title='bbox 475 3805 500 3879; x_wconf 92' lang='lat' dir='ltr'>I,</span> <span class='ocrx_word' id='word_1_144' title='bbox 526 3805 578 3888; x_wconf 90' lang='lat'>78.</span> <span class='ocrx_word' id='word_1_145' title='bbox 604 3805 722 3868; x_wconf 86' lang='lat' dir='ltr'>Edixit</span> <span class='ocrx_word' id='word_1_146' title='bbox 745 3804 901 3867; x_wconf 90' lang='lat' dir='ltr'>Tiberius</span> <span class='ocrx_word' id='word_1_147' title='bbox 924 3813 959 3867; x_wconf 90' lang='lat' dir='ltr'>et</span> <span class='ocrx_word' id='word_1_148' title='bbox 983 3804 1048 3866; x_wconf 89' lang='lat' dir='ltr'>alia</span> <span class='ocrx_word' id='word_1_149' title='bbox 1072 3811 1106 3865; x_wconf 91' lang='lat' dir='ltr'>et</span> <span class='ocrx_word' id='word_1_150' title='bbox 1131 3802 1216 3865; x_wconf 89' lang='lat' dir='ltr'>hoc:</span> 
     </span>
    </p>

    <p class='ocr_par' dir='ltr' id='par_1_8' title="bbox 313 3921 1502 4241">
     <span class='ocr_line' id='line_1_22' title="bbox 362 3921 1502 4006; baseline -0.003 -20"><span class='ocrx_word' id='word_1_151' title='bbox 362 3923 550 4006; x_wconf 81' lang='lat' dir='ltr'>„Imparem</span> <span class='ocrx_word' id='word_1_152' title='bbox 581 3924 674 3986; x_wconf 89' lang='lat' dir='ltr'>oneri</span> <span class='ocrx_word' id='word_1_153' title='bbox 700 3921 954 4005; x_wconf 90' lang='lat' dir='ltr'>rempublicam,</span> <span class='ocrx_word' id='word_1_154' title='bbox 979 3922 1040 3983; x_wconf 92' lang='lat' dir='ltr'>nisi</span> <span class='ocrx_word' id='word_1_155' title='bbox 1066 3921 1227 3984; x_wconf 92' lang='lat' dir='ltr'>vicesimo</span> <span class='ocrx_word' id='word_1_156' title='bbox 1252 3921 1390 3983; x_wconf 91' lang='lat' dir='ltr'>militiae</span> <span class='ocrx_word' id='word_1_157' title='bbox 1414 3941 1502 3984; x_wconf 91' lang='lat' dir='ltr'>anno</span> 
     </span>
     <span class='ocr_line' id='line_1_23' title="bbox 313 4039 1501 4124; baseline -0.003 -18"><span class='ocrx_word' id='word_1_158' title='bbox 313 4044 464 4106; x_wconf 90' lang='lat' dir='ltr'>veterani</span> <span class='ocrx_word' id='word_1_159' title='bbox 489 4043 750 4105; x_wconf 89' lang='lat' dir='ltr'>dimitterentur.</span> <span class='ocrx_word' id='word_1_160' title='bbox 777 4043 830 4105; x_wconf 88' lang='lat' dir='ltr'>lta</span> <span class='ocrx_word' id='word_1_161' title='bbox 849 4042 1025 4124; x_wconf 87' lang='lat' dir='ltr'>proximae</span> <span class='ocrx_word' id='word_1_162' title='bbox 1045 4039 1221 4102; x_wconf 89' lang='lat' dir='ltr'>seditionis</span> <span class='ocrx_word' id='word_1_163' title='bbox 1241 4040 1328 4103; x_wconf 91' lang='lat' dir='ltr'>male</span> <span class='ocrx_word' id='word_1_164' title='bbox 1349 4040 1501 4104; x_wconf 89' lang='lat' dir='ltr'>consulta</span> 
     </span>
     <span class='ocr_line' id='line_1_24' title="bbox 313 4158 732 4241; baseline -0.01 -16"><span class='ocrx_word' id='word_1_165' title='bbox 313 4161 441 4225; x_wconf 88' lang='lat' dir='ltr'>abolita</span> <span class='ocrx_word' id='word_1_166' title='bbox 465 4160 499 4222; x_wconf 93' lang='lat' dir='ltr'>in</span> <span class='ocrx_word' id='word_1_167' title='bbox 523 4158 732 4241; x_wconf 87' lang='lat' dir='ltr'>posterum.&#39;’</span> 
     </span>
    </p>

    <p class='ocr_par' dir='ltr' id='par_1_9' title="bbox 311 4276 1499 4480">
     <span class='ocr_line' id='line_1_25' title="bbox 356 4276 1499 4362; baseline -0.004 -19"><span class='ocrx_word' id='word_1_168' title='bbox 356 4279 453 4362; x_wconf 87' lang='lat' dir='ltr'>Quae</span> <span class='ocrx_word' id='word_1_169' title='bbox 476 4277 532 4339; x_wconf 92' lang='lat' dir='ltr'>illa</span> <span class='ocrx_word' id='word_1_170' title='bbox 557 4279 732 4359; x_wconf 88' lang='lat' dir='ltr'>proximae</span> <span class='ocrx_word' id='word_1_171' title='bbox 755 4280 931 4343; x_wconf 88' lang='lat' dir='ltr'>seditionis</span> <span class='ocrx_word' id='word_1_172' title='bbox 956 4279 1042 4342; x_wconf 86' lang='lat' dir='ltr'>male</span> <span class='ocrx_word' id='word_1_173' title='bbox 1064 4277 1217 4340; x_wconf 88' lang='lat' dir='ltr'>consulta</span> <span class='ocrx_word' id='word_1_174' title='bbox 1241 4276 1375 4353; x_wconf 90' lang='lat' dir='ltr'>fuerint,</span> <span class='ocrx_word' id='word_1_175' title='bbox 1402 4297 1499 4342; x_wconf 92' lang='lat' dir='ltr'>nemo</span> 
     </span>
     <span class='ocr_line' id='line_1_26' title="bbox 311 4394 1496 4480; baseline -0.002 -20"><span class='ocrx_word' id='word_1_176' title='bbox 311 4409 381 4460; x_wconf 86' lang='lat' dir='ltr'>tam</span> <span class='ocrx_word' id='word_1_177' title='bbox 414 4407 465 4458; x_wconf 87' lang='lat' dir='ltr'>est</span> <span class='ocrx_word' id='word_1_178' title='bbox 496 4394 628 4459; x_wconf 84' lang='lat' dir='ltr'>infirma</span> <span class='ocrx_word' id='word_1_179' title='bbox 654 4400 824 4473; x_wconf 85' lang='lat' dir='ltr'>memoria,</span> <span class='ocrx_word' id='word_1_180' title='bbox 849 4401 930 4480; x_wconf 93' lang='lat' dir='ltr'>quin</span> <span class='ocrx_word' id='word_1_181' title='bbox 956 4398 1088 4461; x_wconf 88' lang='lat' dir='ltr'>noverit</span> <span class='ocrx_word' id='word_1_182' title='bbox 1112 4396 1225 4458; x_wconf 89' lang='lat' dir='ltr'>etiam.</span> <span class='ocrx_word' id='word_1_183' title='bbox 1263 4397 1384 4480; x_wconf 92' lang='lat' dir='ltr'>Capite</span> <span class='ocrx_word' id='word_1_184' title='bbox 1409 4399 1496 4460; x_wconf 91' lang='lat' dir='ltr'>enim</span> 
     </span>
    </p>
   </div>
   <div class='ocr_carea' id='block_1_5' title="bbox 0 0 1623 5236">
    <p class='ocr_par' dir='ltr' id='par_1_10' title="bbox 0 0 1623 5236">
     <span class='ocr_line' id='line_1_27' title="bbox 0 0 1623 5236; baseline 0 0"><span class='ocrx_word' id='word_1_185' title='bbox 0 0 1623 5236; x_wconf 95' lang='lat' dir='ltr'> </span> 
     </span>
    </p>
   </div>
  </div>
 </body>
</html>
