3266 5238
656 437 716 509 ¹²7

139 608 232 690 Quod
265 616 412 690 ,quanto
436 607 577 670 ditiores
601 614 698 669 tanto
722 604 951 668 imbelliores’'
975 606 1135 669 dicuntur
1157 605 1282 680 Aedui,

105 727 189 792 Silius
218 737 270 792 est
301 727 359 810 qui
390 727 437 790 sic
469 727 593 790 milites
623 727 756 802 edocet,
788 746 857 788 non
889 727 937 789 ita
965 725 1205 789 ratiocinantes
1230 723 1284 787 vel

106 850 318 913 ratiocinaturi
339 848 511 931 finguntur
530 846 663 910 milites,
684 846 776 928 Ergo
795 846 1046 929 perversissima
1060 855 1112 909 est
1125 845 1282 909 Pfitzneri

107 972 282 1033 coniectura
304 991 373 1034 esse
395 977 473 1052 post
493 967 636 1032 imbelles
656 967 845 1041 inserentis
865 987 967 1048 quam
989 974 1102 1030 tamen
1124 967 1283 1050 probavit

107 1088 340 1172 Nipperdeyus.
363 1089 556 1162 Monentur‚
578 1096 615 1149 ut
635 1087 767 1170 opinor,
790 1085 913 1148 milites
934 1094 970 1149 ut
989 1088 1023 1150 id
1045 1085 1170 1150 faciant
1190 1090 1282 1170 quod

105 1207 232 1271 militum
257 1217 319 1280 est,
344 1209 415 1271 sive
438 1209 585 1272 evincere
607 1206 661 1269 hic
686 1205 755 1269 fere
777 1207 967 1270 devincendi
988 1207 1057 1269 vim
1078 1207 1191 1283 habet,
1211 1208 1282 1270 sive

104 1337 266 1411 corruptus
298 1328 391 1391 locus
421 1335 474 1390 est
501 1337 535 1390 et
559 1326 698 1390 Tacitus
722 1326 841 1390 Silium
865 1327 998 1390 induxit
1024 1326 1185 1390 militibus
1210 1348 1282 1391 nar·

105 1457 222 1511 rantem
252 1468 340 1530 quae
369 1455 457 1511 esset
485 1448 576 1511 unice
601 1467 683 1510 vera
706 1448 795 1511 ratio
819 1445 973 1509 hostibus
997 1457 1066 1510 tam
1091 1447 1283 1512 imbellibus

104 1569 218 1632 utendi.
239 1567 308 1631 Sed
322 1568 534 1652 fugientibus
553 1565 707 1631 consulite
725 1567 860 1649 egregie
880 1566 1009 1629 dictum
1029 1567 1174 1643 videtur,
1195 1588 1284 1631 sum·

105 1707 168 1752 mus
196 1690 284 1752 inest
316 1688 349 1750 in
379 1687 444 1750 illis
467 1686 641 1750 vocabulis
665 1695 893 1769 contemptus,
917 1687 944 1748 si
970 1686 1034 1749 hoc
1059 1687 1141 1751 dicit
1166 1687 1284 1752 Silius:

107 1827 191 1886 ,cum
222 1808 453 1891 pugnantibus
484 1828 552 1869 non
584 1807 647 1869 erit
679 1806 776 1868 vobis
807 1825 875 1882 res;
909 1815 1023 1869 curate
1049 1807 1152 1869 modo
1177 1816 1213 1870 ut
1237 1806 1285 1869 fu·

102 1927 222 2008 gientes
246 1927 396 1991 habeant
419 1925 568 2008 fugiendi
593 1926 750 2008 spatium,
776 1925 882 1988 nolite
906 1945 964 1988 eos
989 1926 1056 1989 ullo
1081 1928 1185 1990 modo
1210 1929 1287 1991 reti·

103 2067 183 2122 nere,
206 2048 367 2110 videbitis
390 2067 493 2129 quarn
518 2046 680 2109 velociter
703 2045 871 2121 currant'’,
896 2067 983 2129 quae
1006 2055 1058 2109 est
1081 2048 1190 2110 oratio
1213 2049 1286 2110 viro

103 2168 227 2230 militari
258 2167 442 2249 aptissima.
469 2166 515 2228 Et
538 2166 631 2248 quod
656 2185 719 2246 ego
746 2174 828 2247 puto
852 2186 872 2229 a
896 2165 979 2229 Silio
1003 2164 1058 2229 hic
1082 2168 1190 2231 iussos
1213 2189 1285 2232 esse

103 2288 226 2364 milites,
251 2288 285 2352 id
310 2307 428 2350 revera
452 2285 569 2349 fecisse
593 2286 761 2360 videntur,
786 2286 927 2348 caedem
952 2287 1042 2349 eninr
1068 2286 1191 2351 factam
1217 2309 1285 2352 non

101 2409 257 2482 audimus,
282 2427 369 2488 quae
394 2406 484 2469 haud
505 2405 607 2469 dubie
628 2404 717 2468 facta
738 2413 836 2479 esset,
857 2406 884 2467 si
905 2426 982 2469 cum
1003 2415 1072 2469 tam
1094 2408 1285 2472 imbellibus

102 2527 246 2592 hostibus
278 2528 526 2591 conseruissent
559 2546 695 2589 manum
727 2525 898 2589 fortissimi
928 2527 1169 2591 Romanorum.
1195 2529 1286 2611 Ergo

27 2725 28 2728 Ἴ
102 2667 162 2710 non
183 2656 324 2731 possunt
344 2667 411 2710 non
431 2646 692 2709 admirationem
712 2647 884 2728 quandam
905 2647 988 2710 haec
1010 2668 1147 2711 movere
1167 2649 1287 2712 verba:

105 2775 152 2844 ,et
171 2767 384 2830 circumfudit
405 2786 518 2848 eques,
540 2765 755 2847 frontemque
775 2767 908 2850 pedites
929 2769 1090 2844 invasere,
1109 2789 1171 2832 nec
1188 2789 1287 2833 cunc·

102 2895 203 2950 tatum
216 2887 251 2971 (l)
274 2889 366 2971 apud
391 2886 529 2951 latera”.
555 2886 643 2950 Nam
668 2888 780 2951 hercle
807 2908 874 2950 non
895 2888 1066 2954 consulunt
1077 2891 1289 2974 fugientibus

27 3029 28 3048 ³
103 3009 154 3088 qui
183 3009 297 3072 hostes
325 3007 369 3072 ab
393 3008 486 3072 omni
510 3017 607 3091 parte
631 3009 821 3072 includunt:
846 3009 904 3071 ubi
929 3009 993 3072 hoc
1017 3011 1169 3094 legimus,
1194 3015 1289 3096 sequi

103 3128 182 3192 solet
205 3140 241 3194 ut
265 3130 381 3192 hostes
404 3129 521 3212 paucis
544 3128 670 3191 relictis
694 3129 914 3192 trucidentur.

143 3248 185 3312 A.
209 3250 251 3326 V,
282 3267 330 3314 10.
362 3248 497 3332 Operae
529 3249 674 3331 pretium
702 3257 753 3310 cst
777 3250 958 3313 observare
984 3272 1085 3333 quam
1109 3273 1290 3336 suspensos

105 3388 159 3432 nos
191 3371 392 3452 relinquant,
429 3389 531 3451 quarn
567 3369 633 3432 sint
669 3369 898 3452 imperfectae,
931 3391 1050 3434 omnes
1081 3377 1290 3438 narrationes

104 3487 254 3553 Taciteae
278 3490 322 3553 de
347 3489 541 3552 hominibus
562 3489 695 3571 ignotis
718 3489 775 3571 qui
795 3489 859 3552 sibi
880 3511 1004 3553 nomen
1026 3493 1209 3557 indiderint
1229 3495 1290 3555 viri

104 3607 233 3673 alicuius
256 3609 389 3683 nobilis,
414 3610 471 3691 qui
496 3609 624 3672 dudum
650 3617 802 3671 mortuus
826 3617 877 3671 est
901 3617 1004 3690 atque
1029 3630 1068 3672 ea
1091 3611 1207 3673 fraude
1230 3612 1289 3674 ali·

105 3731 292 3813 quantisper
316 3729 463 3792 ludibrio
482 3729 663 3793 habuerint
682 3728 806 3793 multos
827 3728 996 3791 mortales.
1018 3727 1085 3792 Sed
1108 3730 1197 3792 nulla
1215 3739 1288 3794 tan·

103 3855 213 3930 topere
237 3850 301 3913 hoc
325 3851 463 3913 nomine
487 3849 768 3933 reprehendenda
790 3866 892 3929 quarn
917 3867 1003 3928 quae
1028 3847 1082 3910 hic
1102 3849 1224 3931 legitur
1244 3851 1286 3914 de

104 3971 364 4048 pseudo-Druso,
407 3971 483 4051 ,qui
522 3971 588 4032 iarn
625 3967 808 4031 iuventutis
843 3986 1007 4030 concursu
1045 3967 1109 4030 iarn
1145 3969 1288 4051 publicis

103 4091 214 4152 studiis
237 4088 515 4171 frequentabatur
639 4107 715 4151 cum
740 4087 893 4150 auditum
912 4086 946 4148 id
967 4087 1129 4170 Poppaeo
1150 4086 1288 4165 Sabino,

104 4205 319 4273 Macedoniae
354 4209 442 4272 curis
476 4207 641 4272 intento”.
677 4205 871 4288 Sequuntur
903 4206 1009 4270 multa
1041 4208 1083 4270 de
1115 4208 1289 4270 celerrima
1359 4237 1364 4246 ·

102 4329 242 4407 quadam
266 4329 418 4411 Poppaei
442 4329 566 4390 circum
593 4326 769 4390 Graeciam
795 4325 1010 4407 navigatione
1032 4327 1143 4408 deque
1164 4327 1234 4389 eius
1255 4328 1288 4391 in

102 4447 263 4512 coloniam
290 4449 484 4531 Nicopolim
508 4449 677 4512 adventu:
