3228 5236
673 449 732 497 201

101 635 184 678 nem
227 614 447 678 kalendarum
484 614 713 676 Ianuariarum
750 609 956 698 [inchoando
991 605 1093 692 anno]
1131 603 1300 669 retinuit.”

148 735 238 798 Illud
262 744 376 798 tamen
401 735 514 798 denuo
538 734 572 796 in
596 743 729 797 textum
754 733 889 796 reduxit
915 731 1114 803 Furneaux;
1140 727 1299 808 equidem

100 856 220 938 potius
244 855 462 918 kalmdarum
487 855 732 917 Ianuariarum
757 873 893 934 quoque
918 851 1113 914 deleverim.

148 976 240 1049 Non,
274 985 311 1037 ut
342 975 472 1057 opinor,
505 984 575 1037 tam
604 975 779 1057 imperitos
803 972 1045 1054 antiquitatum
1069 970 1213 1032 lectores
1237 967 1301 1029 sibi

100 1097 206 1158 finxit
229 1095 368 1159 Tacitus
390 1105 427 1158 ut
452 1096 548 1172 XIII,
571 1115 634 1177 43:

152 1217 383 1297 „Repertique
406 1185 620 1279 accusatores
645 1215 796 1296 direptos
819 1215 939 1287 socios,
964 1232 1041 1275 cum
1065 1209 1200 1275 Suillius
1224 1230 1300 1291 pro·

100 1335 253 1398 vinciam
278 1335 397 1398 Asiam
421 1345 564 1418 regeret,
588 1355 627 1397 ac
652 1334 844 1418 peculatum
870 1329 1085 1395 detulerunt‘'

150 1456 196 1517 ad
216 1455 403 1537 peculatum
427 1454 636 1518 adscriberet
663 1454 837 1536 ,publicae
863 1450 1060 1536 pecuniae”,
1084 1471 1172 1532 quae
1197 1449 1302 1512 verba

100 1595 197 1638 nunc
222 1577 255 1638 in
280 1584 377 1638 textu
401 1576 568 1657 leguntur.

153 1695 208 1756 Ex
228 1695 350 1757 eodem
370 1715 495 1776 genere
516 1696 773 1758 annotationem
794 1695 984 1757 invenimus
1001 1691 1096 1766 XIII,
1114 1707 1163 1772 51.
1178 1691 1303 1772 Agitur

99 1815 148 1876 de
187 1813 332 1876 Neronis
367 1814 524 1890 consiliis,
560 1815 683 1896 quibus
717 1815 808 1877 cives
844 1814 1107 1895 peregrlnosque
1143 1810 1302 1875 oneribus

99 1934 251 2000 levavit:

155 2053 380 2137 „Temperata
400 2055 490 2137 apud
511 2055 751 2117 transmarInas
770 2053 962 2136 provincias
982 2052 1140 2116 frumenti
1161 2052 1302 2114 subvec-

99 2175 173 2246 tio;
206 2182 240 2235 et
265 2193 307 2236 ne
332 2175 488 2237 censibus
513 2175 762 2256 negotiatorum
787 2194 890 2237 naves
914 2172 1161 2236 ascriberentur
1186 2167 1302 2256 [tribu-

100 2301 249 2372 tumque
274 2313 337 2375 pro
360 2293 424 2355 illis
449 2290 651 2380 penderent]
676 2292 931 2357 constitutum.’¹

156 2412 272 2474 Verba
292 2413 420 2476 inclusa
441 2407 509 2476 noir
532 2414 640 2476 solum
660 2414 760 2496 plane
780 2423 858 2476 sunt
877 2433 1096 2496 supervacua,
1118 2413 1303 2475 admodum

103 2533 199 2596 enim
223 2533 401 2615 perspicua
424 2543 502 2597 sunt
527 2554 613 2616 quae
637 2535 770 2616 scripsit
794 2535 942 2608 Tacitus,
968 2554 1077 2615 neque
1099 2533 1303 2614 exquisitam

101 2653 316 2716 locutionem
361 2654 534 2716 vocabulis
576 2653 783 2736 pervulgatis
818 2662 1055 2735 corrumpunt,
1099 2653 1158 2716 sed
1195 2659 1303 2714 totam

100 2774 298 2836 sententiae
322 2782 525 2838 structuram
550 2775 781 2856 pessumdant.

153 2893 198 2956 A.
224 2893 319 2968 XIV,
346 2895 376 2956 8.
402 2893 502 2958 Salva
521 2895 588 2957 iam
609 2895 652 2957 ad
674 2893 786 2956 villam
808 2914 902 2956 suam
924 2892 1117 2975 Agrippina
1137 2891 1303 2974 pervenit,

102 3013 166 3075 sed
192 3012 291 3075 simul
315 3014 439 3076 adsunt
464 3012 631 3075 Anicetus
655 3013 856 3095 militesque,
882 3013 939 3094 qui
964 3012 1021 3075 ubi
1046 3013 1079 3074 vi
1101 3014 1302 3094 Irruperunt,

105 3132 302 3214 Agrippina

156 3252 314 3333 „respicit
346 3251 529 3315 Anicetum
554 3251 754 3315 Trierarcho
780 3252 960 3315 Herculeio
985 3261 1019 3316 et
1044 3250 1197 3327 Obarito,
1224 3271 1301 3314 cen·

106 3373 243 3434 turione
274 3371 452 3446 classiario,
485 3373 702 3435 comitatum:
734 3393 785 3447 ac,
817 3375 843 3436 si
875 3374 918 3436 ad
944 3374 1121 3437 visendum
1147 3373 1304 3447 venisset,

107 3491 254 3553 refotam
287 3493 467 3566 nuntiaret,
499 3493 549 3554 sin
582 3492 711 3556 lacinus
743 3502 945 3575 patraturus,
978 3492 1060 3555 nihil
1091 3513 1127 3556 se
1159 3493 1202 3554 de
1234 3492 1303 3555 filio

106 3609 283 3674 credere.”

153 3729 329 3792 Praeclare
352 3730 407 3792 hic
431 3731 545 3793 omnia
565 3739 642 3794 sunt
663 3733 838 3795 enuntiata
859 3740 977 3814 estque
998 3753 1108 3799 sermo
1129 3742 1163 3794 et
1183 3731 1303 3794 Tacito

105 3850 324 3931 dignIssimus
355 3858 390 3911 et
422 3850 559 3914 muliere
592 3852 766 3933 primaria:
800 3872 867 3915 non
900 3852 971 3914 vult
1002 3853 1110 3914 diram
1142 3873 1213 3914 rem
1244 3871 1305 3916 suo
1358 3931 1367 3940 ι

106 3968 282 4052 appellare
314 3969 460 4045 nomine,
494 3990 575 4052 ergo
606 3973 797 4035 verecunde
829 3993 903 4034 eam
936 3973 1048 4035 verbis
1076 3973 1177 4052 ,nihil
1201 3993 1236 4036 se
1261 3975 1304 4037 de

107 4089 179 4152 lilio
211 4087 373 4150 credere”
404 4088 582 4171 significat.
619 4089 669 4153 At
700 4091 831 4154 inutilla
864 4090 985 4154 Tacito
1010 4093 1043 4155 et
1068 4092 1244 4154 consilium
1269 4093 1304 4154 et

107 4229 163 4272 ars
192 4227 253 4270 sua
284 4207 434 4284 suerunt;
468 4209 631 4272 translata
655 4212 746 4273 enim
771 4213 804 4273 in
830 4219 963 4275 textum
988 4213 1209 4275 annotatione
1235 4233 1304 4274 ma·

107 4327 247 4411 gistelli,
279 4328 448 4390 rusticana
479 4349 567 4391 nunc
599 4330 816 4411 simplicitate
849 4331 940 4394 dicta
971 4342 1049 4394 sunt
1080 4330 1203 4394 omnia.
1235 4329 1303 4394 Sed

107 4467 173 4510 nos
197 4448 286 4509 istud
312 4467 374 4510 non
398 4447 597 4529 imperatum
616 4450 854 4531 parricidium,
875 4453 967 4532 quod
987 4471 1074 4516 nunc
1096 4449 1299 4532 elegantiam
