3266 5238
888 393 927 472 58

360 571 425 635 Pro
448 580 609 654 corrupto
632 573 821 654 virgenium
846 572 1018 635 Bekkerus
1042 574 1191 656 iurgium
1215 575 1371 637 coniecit.
1392 573 1506 638 Satius

314 700 386 754 erat
410 711 429 753 e
457 690 722 772 „deterioribus”
746 692 914 774 recipere:
939 692 1014 755 inde
1036 692 1196 776 iurgium.

359 812 403 874 H.
440 811 500 886 Ill,
536 826 587 892 25.
619 811 803 893 Postquam
836 811 998 894 impulsos
1028 813 1133 874 sensit
1165 813 1304 894 (hostes)
1335 811 1510 876 Antonius

315 933 423 995 denso
453 932 589 1014 agmine
621 930 824 996 obturbabat.
857 930 980 993 Laxati
1012 931 1148 994 ordines
1171 931 1429 1014 abrumpuntur.

315 1050 527 1133 Spargantur
551 1049 767 1113 festinatione
790 1050 1010 1112 consectandi
1034 1050 1191 1113 victores

360 1170 571 1251 Recipienda
595 1177 647 1232 est
670 1157 876 1231 deteriorum
900 1169 1002 1232 lectio
1025 1169 1188 1233 obturbat.

361 1289 405 1352 H.
430 1289 491 1363 Ill,
515 1303 565 1369 51.
587 1286 834 1351 Celeberrimos
853 1295 1008 1350 auctores
1028 1288 1150 1364 habeo,
1171 1297 1302 1351 tantam
1322 1290 1510 1353 victoribus

315 1411 476 1472 adversus
499 1407 548 1470 sas
571 1407 733 1489 nefasque
753 1408 1013 1470 inreverentiam
1035 1407 1135 1470 luisse
1154 1417 1191 1471 ut
1211 1409 1382 1490 gregarius
1403 1429 1510 1492 eques

315 1530 463 1593 occisum
494 1551 515 1592 a
544 1549 580 1591 se
612 1528 767 1610 proxima
798 1529 870 1590 acie
901 1527 1038 1594 fratrem
1070 1527 1239 1610 professus
1271 1529 1459 1611 praemium
1487 1551 1510 1592 a

317 1649 459 1712 ducibus
483 1647 636 1730 petierit;
663 1666 725 1710 nec
749 1647 813 1710 illis
837 1656 895 1710 aut
919 1647 1085 1710 honorare
1110 1667 1185 1710 eam
1210 1650 1350 1712 caedem
1376 1649 1427 1712 ius
1450 1650 1511 1711 ho·

320 1769 448 1830 minum
480 1775 538 1830 aut
570 1766 682 1830 ulcisci
715 1767 801 1829 ratio
832 1766 911 1830 belli
940 1767 1177 1849 permittebat:
1201 1766 1403 1831 distulerant
1425 1777 1513 1831 tam·

320 1908 421 1970 quam
448 1888 575 1951 maiora
600 1887 755 1950 meritum
781 1906 883 1969 quam
906 1906 994 1969 quae
1018 1887 1133 1950 statim
1157 1887 1407 1952 exolverentur.

365 2006 451 2070 lllud
483 2007 685 2071 distulerant
713 2015 784 2069 tam
812 2014 1004 2069 contortam
1029 2008 1169 2089 requirit
1193 2007 1386 2090 explicandi
1412 2010 1514 2072 ratio-

320 2147 399 2190 nem
436 2134 471 2188 ut
507 2127 610 2189 etiam
645 2135 748 2208 atque
782 2127 886 2190 etiam
922 2126 1179 2191 deliberandum
1211 2128 1367 2191 videatur
1398 2149 1513 2192 nonne

320 2256 470 2330 praestet
492 2268 514 2310 a
537 2247 761 2311 deterioribus
782 2249 935 2330 accipere
956 2249 1159 2313 distulerunt
1177 2250 1269 2330 quod
1289 2251 1363 2332 ipsa
1382 2247 1514 2332 flagitat

320 2367 521 2430 narrationis
543 2374 672 2429 natura.

365 2487 409 2549 H.
442 2486 502 2561 ΙΙΙ,
534 2487 587 2568 69.
624 2485 730 2572 Igitur
764 2495 939 2567 tamquam
972 2487 1082 2550 omnis
1114 2487 1303 2569 respublica
1335 2489 1368 2550 in
1400 2489 1512 2552 sinum

323 2606 525 2690 Vespasiani
548 2607 724 2671 cecississet
746 2627 774 2669 e.
789 2627 822 2688 q.
835 2627 861 2668 s.

365 2723 421 2789 Sic
454 2725 638 2800 MediceuS‚
670 2734 762 2788 recte
794 2745 882 2788 nunc
914 2725 1025 2790 editur
1056 2727 1209 2790 cessisset.
1240 2726 1290 2790 At
1326 2728 1513 2792 deteriores

321 2846 449 2909 habent
473 2846 652 2910 cecidisset:
678 2845 857 2908 verisimile
882 2865 963 2928 ergo
984 2854 1035 2909 est
1055 2847 1109 2908 hic
1131 2846 1206 2910 illos
1226 2867 1293 2910 non
1314 2867 1334 2909 a
1355 2847 1514 2911 Mediceo

322 2967 480 3049 pendere,
510 2967 570 3029 sed
602 2965 689 3028 illius
721 2965 914 3046 exemplum
947 2964 1118 3047 duplicem
1150 2965 1307 3029 habuisse
1330 2967 1512 3030 lectionem

321 3087 466 3150 cessisset
492 3094 527 3148 et
551 3087 664 3168 (supra
688 3084 863 3166 scriptum)
886 3085 1059 3160 cecidisset,
1084 3104 1171 3165 quae
1196 3085 1229 3148 in
1255 3085 1413 3149 Mediceo
1437 3105 1513 3148 coa-

321 3205 420 3267 luerit
451 3206 484 3267 in
516 3205 700 3277 cecississet,
733 3223 809 3266 cum
842 3203 947 3266 altera
978 3203 1113 3278 familia,
1138 3204 1191 3267 cui
1216 3203 1279 3266 hac
1303 3214 1395 3267 certe
1421 3205 1514 3268 inre

321 3325 457 3405 cognati
482 3325 677 3396 deteriores,
703 3323 866 3387 cecidisset
888 3323 1064 3406 reciperet.

367 3444 410 3506 H.
436 3443 496 3518 IV,
522 3459 552 3525 7.
578 3443 616 3504 In
642 3443 750 3524 iurgio
770 3442 857 3505 inter
879 3441 1076 3506 Marcellum
1098 3442 1239 3526 Eprium
1260 3451 1296 3505 et
1315 3442 1514 3505 Helvidium

323 3564 473 3627 Priscum
498 3562 553 3624 hic
577 3562 771 3624 contendit:

367 3683 486 3745 Fuisse
513 3681 725 3764 Vespasiano
748 3680 932 3744 amicitiam
956 3701 1034 3743 cum
1057 3680 1207 3744 Thrasea
1230 3678 1361 3744 Sorano
1386 3679 1495 3744 Sentio
1503 3709 1515 3759 ,-

323 3821 467 3884 quorum
502 3808 715 3863 accusatores
746 3801 876 3863 etiamsi
909 3800 1019 3882 puniri
1052 3820 1119 3863 non
1151 3807 1318 3882 oporteat,
1351 3799 1516 3862 ostentari

323 3942 392 3984 non
416 3921 552 3983 debere.

369 4041 447 4103 Non
479 4041 586 4123 ignoti
617 4039 763 4103 hominis
785 4039 840 4103 hic
864 4040 1043 4122 requiritur
1068 4059 1203 4114 nomen,
1226 4038 1287 4101 sed
1312 4037 1436 4100 nobilis
1458 4037 1517 4100 ali·
1627 4041 1628 4070 l

323 4161 417 4223 cuius
437 4159 627 4223 delatorum
646 4159 815 4234 victimae,
829 4159 1025 4241 nullumque
1037 4167 1108 4221 tam
1121 4167 1238 4240 aptum
1252 4176 1354 4240 quam
1369 4155 1517 4232 Senecae,

324 4278 416 4362 quod
442 4279 608 4361 praebent
632 4278 827 4342 deteriores.

370 4399 412 4462 H.
438 4397 498 4472 IV,
524 4414 575 4459 22.
601 4397 704 4478 Spem
737 4395 1007 4480 oppugnantium
1039 4394 1212 4476 (Germani
1244 4395 1277 4457 hi
1302 4403 1382 4458 sunt
1406 4402 1519 4458 castra
