3258 5240
908 417 947 483 52

328 576 445 654 Pallas,
473 578 673 642 Messalinae
697 580 838 644 exitium
862 590 1040 657 struentes,
1062 582 1240 646 Claudium
1262 583 1519 656 narrationibus,

327 718 411 779 quas
442 699 505 780 ipsi
538 699 707 763 finxerunt
738 701 781 764 de
813 699 885 765 Silii
917 703 1052 784 nuptiis,
1085 711 1213 765 terrent
1244 711 1279 765 et
1310 703 1519 784 perturbant.

329 818 544 901 Egregieque
567 821 606 882 iis
629 841 683 884 res
705 823 868 898 succedit,
894 843 1059 905 namque:

375 937 483 1018 ,Satis
514 949 648 1003 constat
671 961 713 1003 eo
737 961 863 1023 pavore
889 941 1032 1005 offusum
1057 941 1245 1016 Claudium,
1271 951 1307 1004 ut
1331 941 1519 1005 identidem

325 1058 559 1141 interrogaret,
580 1081 623 1122 an
645 1061 717 1142 ipse
738 1061 869 1143 imperii
892 1070 1024 1144 potenS,
1046 1081 1089 1124 an
1110 1059 1211 1124 Silius
1231 1062 1383 1143 privatus
1398 1059 1521 1123 esset”.

368 1176 419 1240 Cf.
444 1175 536 1241 Suet.
562 1199 590 1241 c.
619 1195 678 1262 37:
708 1188 859 1259 „essetne
884 1180 947 1243 sibi
973 1180 1104 1242 salvum
1129 1178 1341 1262 imperium”.

371 1295 472 1359 Haud
498 1297 600 1360 dubie
625 1299 747 1362 eodem
772 1300 860 1361 redit
885 1300 977 1381 quod
1002 1299 1141 1362 Tacitus
1164 1307 1199 1361 et
1223 1299 1316 1380 quod
1338 1297 1520 1362 Suetonius

325 1414 498 1479 dicentem
533 1415 613 1479 iacit
649 1416 837 1494 Claudium,
874 1420 933 1481 sed
967 1418 1081 1493 verba,
1113 1418 1235 1500 quibus
1267 1417 1350 1480 illud
1381 1417 1521 1480 Tacitus

322 1536 487 1610 enuntiat,
513 1536 639 1599 insoliti
663 1536 791 1619 aliquid
818 1537 946 1600 habent
971 1545 1015 1612 et,
1041 1546 1077 1599 ut
1103 1536 1183 1599 mihi
1209 1537 1349 1619 quidem
1375 1537 1521 1610 videtur,

326 1654 450 1736 inepti;
476 1675 554 1717 cum
578 1675 619 1718 ea
642 1655 729 1738 lego,
754 1676 888 1738 semper
910 1657 990 1720 mihi
1012 1657 1159 1738 suspicio
1180 1657 1327 1719 nascitur
1347 1657 1390 1718 de
1409 1655 1523 1718 indus·

326 1773 391 1835 tria
425 1774 473 1836 sic
508 1775 681 1856 scripsisse
716 1775 873 1838 Tacitum
909 1785 946 1838 ut
981 1776 1080 1839 nobis
1115 1776 1316 1857 depingeret
1349 1773 1522 1836 hominem

332 1893 472 1956 omnino
497 1893 656 1956 hebetem
680 1895 890 1977 obtusaeque
916 1897 1049 1970 mentiS,
1074 1903 1146 1957 tum
1170 1914 1251 1957 vero
1276 1913 1402 1976 pavore
1423 1893 1524 1976 plane

332 2020 574 2075 exsternatum.
599 2013 755 2076 Donatus
773 2013 894 2096 aliquis
914 2016 941 2077 si
962 2015 1016 2077 hic
1036 2023 1248 2078 annotasset:
1274 2014 1370 2094 ,vide
1390 2011 1524 2088 μίμησιν

330 2151 407 2193 cum
431 2132 511 2195 odio
536 2133 709 2196 inductam
734 2142 769 2196 et
789 2135 1010 2215 depravatam
1032 2131 1342 2215 pronuntiatione‘’,
1362 2133 1524 2214 equidem

331 2271 399 2314 non
424 2252 627 2334 obloquerer
651 2255 694 2336 (v.
718 2255 761 2316 ad
787 2253 874 2317 Eun.
899 2275 946 2317 vs.
977 2269 1033 2335 155
1048 2255 1146 2338 sqq.).

376 2371 443 2436 Sed
476 2372 541 2436 hoc
573 2383 703 2436 certum
735 2383 786 2436 est
817 2373 974 2436 Tacitum
1006 2373 1177 2436 interdum
1202 2373 1283 2436 illud
1307 2374 1524 2436 committere

330 2491 493 2573 populare
513 2491 674 2574 loquendi
695 2494 814 2557 vitium
835 2513 904 2575 quo
924 2495 1011 2556 duae
1031 2513 1094 2568 res,
1116 2501 1281 2575 cognatae
1302 2494 1441 2574 quidem
1460 2493 1523 2555 sed

330 2613 493 2687 diversae,
512 2614 592 2676 dum
605 2633 641 2675 se
654 2613 752 2676 simul
765 2613 936 2694 loquentis
949 2614 1055 2676 menti
1067 2612 1223 2688 offerunt,
1236 2611 1334 2675 simul
1348 2611 1526 2694 proferun-

329 2739 384 2793 tur
399 2741 433 2794 et
452 2732 486 2794 in
500 2753 603 2795 unum
616 2733 870 2808 contrahuntur,
885 2753 954 2815 quo
967 2732 1056 2795 sacto
1069 2753 1171 2814 saepe
1185 2733 1332 2795 contorti
1345 2731 1474 2813 aliquid
1489 2741 1525 2793 et

330 2852 477 2915 intricati
509 2853 666 2915 nascitur.
699 2853 800 2916 Dabo
824 2851 916 2915 locos
942 2853 1088 2916 maxime
1114 2852 1178 2914 hoc
1202 2853 1339 2915 nomine
1363 2851 1525 2932 insignes.

374 2972 418 3034 H.
443 2972 504 3048 1v,
532 2975 582 3054 38.
616 2970 725 3036 Solito
756 2973 882 3036 diutius
911 2993 1023 3048 naveS,
1049 2992 1136 3054 quae
1161 2972 1365 3035 frumentum
1391 2969 1527 3033 Africa·

328 3112 408 3154 num
433 3091 618 3167 advehunt,
644 3100 816 3155 morantur
825 3120 833 3168 ς
860 3094 1002 3175 pavidus
1027 3093 1089 3155 hac
1114 3114 1149 3155 re
1174 3091 1320 3174 populus
1344 3090 1426 3154 nihil
1451 3111 1524 3154 non

327 3210 424 3292 fingit
449 3211 636 3293 creditque,
661 3220 864 3293 sparguntur
889 3232 1039 3276 rumores
1063 3211 1154 3293 pleni
1179 3213 1326 3288 terroriS,

374 3331 596 3412 „augentibus
628 3330 752 3393 samam
778 3331 979 3407 Vitellianis,
1009 3333 1066 3414 qui
1091 3332 1239 3394 studium
1264 3332 1411 3413 partium
1436 3351 1526 3394 non-

326 3450 408 3512 dum
429 3457 622 3530 posuerant,
643 3470 686 3512 ne
707 3450 890 3513 victoribus
908 3452 1047 3532 quidem
1069 3452 1202 3532 ingrato
1215 3470 1358 3526 rumore,
1373 3470 1526 3531 quorum

324 3568 529 3649 cupiditates
553 3569 703 3631 externis
727 3589 863 3652 quoque
888 3569 985 3633 bellis
1008 3570 1233 3652 inexplebiles
1257 3570 1347 3677 nulla
1368 3589 1526 3652 unquam

325 3687 433 3750 civilis
457 3688 601 3750 victoria
623 3688 793 3751 satiavit'‘.

370 3807 466 3869 Duae
486 3807 540 3869 hic
559 3817 637 3870 sunt
658 3808 917 3890 distinguendae
937 3810 1137 3884 sententiae,
1160 3830 1247 3891 quae
1268 3829 1358 3872 nunc
1378 3811 1425 3873 ita
1440 3823 1531 3876 sunt

325 3926 514 4007 permixtae
548 3935 583 3988 ut
615 3927 761 4009 separari
794 3936 982 4010 nequeant:
1014 3949 1045 3990 a.
1071 3929 1103 3990 in
1129 3927 1219 3991 bello
1243 3928 1344 4003 civili,
1369 3929 1426 4010 qui
1450 3931 1531 3994 vic-

324 4052 415 4107 tores
445 4045 605 4117 existunt,
638 4066 811 4126 nunquam
846 4048 960 4110 satiari
993 4057 1135 4129 possunt
1144 4074 1152 4123 ;
1185 4048 1214 4110 b.
1247 4048 1446 4131 praesertim
1479 4051 1532 4114 de

322 4163 493 4226 Flavianis
532 4161 613 4226 illud
650 4163 741 4228 valet
773 4165 952 4229 militibus:
985 4165 1031 4229 illi
1063 4167 1153 4229 enim
1184 4167 1335 4229 externis
1367 4166 1466 4229 bellis
1510 4191 1535 4233 a

324 4281 484 4344 Muciano
508 4288 543 4343 et
563 4281 717 4346 Antonio
738 4284 851 4348 Primo
871 4284 1018 4367 praedae
1038 4284 1217 4347 assuefacti
1238 4286 1305 4347 iam
1325 4286 1534 4352 didicerunt

321 4399 417 4482 plura
440 4419 579 4482 semper
603 4408 638 4463 et
662 4403 790 4468 maiora
813 4424 964 4487 poscere.
