3266 5238
680 487 742 552 129

108 661 176 726 est,
208 652 318 734 ipsum
349 658 503 714 senatum
536 648 707 712 declarare
739 649 772 712 in
804 657 924 713 senatu
956 659 1026 714 tam
1051 671 1170 734 parum
1194 658 1306 713 tutum

109 793 188 835 esse
208 773 458 855 imperatorem,
480 778 517 834 ut
536 771 566 832 ei
586 769 755 853 praesidio
775 790 861 852 opus
880 771 924 832 sit
943 779 1085 833 armato,
1106 771 1155 833 At
1171 779 1308 833 senator

108 894 289 976 Togonius
320 892 354 954 in
386 911 462 955 eam
493 891 698 954 sententiam
722 888 917 953 declamans
941 910 1051 971 neque
1075 889 1233 953 ridiculus
1256 896 1307 952 est

110 1033 227 1095 neque
256 1011 363 1074 videri
396 1009 485 1072 vult:
515 1008 738 1092 perfidissima
761 1009 1034 1091 astutissimaque
1058 1009 1307 1073 insimulatione

109 1131 206 1194 haud
227 1149 353 1213 paucos
371 1137 546 1192 senatores
565 1137 741 1210 suspectos
760 1128 903 1192 reddere
923 1137 958 1192 et
978 1131 1011 1192 in
1032 1131 1122 1192 vitae
1139 1129 1308 1192 adducere

110 1251 297 1360 discrimen
328 1249 443 1313 studet
474 1257 512 1310 ut
536 1248 669 1311 illorum
694 1248 842 1330 pernicie
867 1258 996 1313 crescat
1020 1249 1102 1332 ipse.
1128 1249 1227 1312 Nunc
1251 1249 1309 1310 de·

111 1391 210 1434 mum
229 1379 372 1452 apparet
391 1389 493 1450 quam
514 1377 699 1450 praestans,
720 1388 823 1449 quam
843 1377 924 1451 apta
945 1370 1161 1451 prudensque
1180 1367 1308 1430 Tiberii

109 1490 216 1553 suerit
247 1488 401 1572 epistola,
433 1508 536 1570 quam
569 1487 671 1569 paulo
698 1495 775 1569 post
798 1487 938 1551 Tacitus
962 1496 1217 1563 commemorat,
1241 1505 1309 1569 qua

111 1630 186 1672 non
217 1607 329 1672 hercle
357 1609 460 1671 animi
483 1627 584 1671 causa
611 1607 775 1689 „ludibria
797 1608 892 1671 seriis
916 1607 1118 1691 permiscet’'
1142 1607 1308 1683 Tiberius,

110 1730 177 1794 sed
208 1731 242 1792 in
273 1749 308 1792 re
337 1729 537 1812 gravissima
568 1729 688 1812 optimi
720 1729 881 1812 principis
912 1728 1119 1792 luculentum
1143 1723 1309 1810 simulque

111 1851 265 1913 facetum
285 1848 344 1912 dat
364 1848 617 1911 documentum.
639 1819 815 1924 Postremo
836 1849 909 1929 ipsa
924 1848 981 1910 illa
997 1847 1141 1931 epistola
1161 1847 1311 1910 declarat

110 1979 198 2032 tunc
229 1970 272 2032 de
304 1968 473 2052 praesidio
504 1966 643 2030 Tiberio
675 1967 790 2031 dando
820 1967 1156 2032 senatusconsultum
1173 1971 1309 2052 factum

112 2109 190 2152 esse
210 2063 304 2171 (quid
325 2088 415 2151 enim
436 2087 500 2150 sibi
521 2085 658 2149 volebat
678 2085 744 2161 illa,
766 2087 792 2149 si
814 2086 896 2149 nihil
916 2088 959 2150 ad
976 2084 1150 2152 Tiberium
1167 2088 1310 2153 relatum

113 2217 189 2272 erat
219 2207 282 2270 nisi
307 2206 391 2269 hocs
415 2225 515 2269 unum
538 2217 720 2268 senatorem
745 2206 914 2268 censuisse
939 2203 1020 2268 illud
1046 2215 1080 2270 et
1104 2228 1164 2289 per
1188 2208 1312 2271 deridi-

114 2327 230 2390 culum
266 2345 339 2388 esse
375 2326 528 2387 auditum
541 2322 564 2406 i)
597 2332 702 2406 atque
733 2324 843 2386 Taciti
875 2327 1103 2389 narrationem
1135 2335 1206 2390 tam
1239 2349 1311 2391 esse

115 2444 353 2529 imperfectam
377 2452 414 2508 ut
437 2464 537 2507 sensu
561 2463 656 2508 cassa
679 2444 786 2506 videri
811 2445 928 2526 possit.

162 2566 332 2647 Denique,
352 2564 380 2627 si
400 2564 475 2646 quis
494 2563 600 2627 aniles
619 2562 729 2627 Taciti
746 2583 856 2652 nugas
876 2565 918 2627 de
939 2566 1178 2648 superstitione
1195 2587 1312 2649 quam·

114 2685 169 2747 vis
188 2683 336 2748 absurda
355 2702 560 2765 cognoscere
581 2683 684 2764 cupit,
705 2683 733 2746 is
753 2682 834 2745 mihi
854 2682 930 2746 libri
952 2684 1001 2747 VI
1022 2685 1113 2767 legat
1133 2694 1236 2767 caput
1253 2702 1309 2749 22:

114 2805 280 2868 adversus
305 2801 621 2866 mathematicorum
646 2801 780 2865 fraudes
803 2810 874 2866 tam
898 2823 1017 2886 parum
1041 2803 1174 2867 firmum
1198 2826 1234 2868 se
1255 2805 1313 2868 vix

115 2925 299 3006 quisquam
323 2943 472 3005 unquam
497 2923 665 3005 praestitit
688 2941 790 3002 quam
815 2922 879 2985 hoc
903 2922 980 2986 loco
1001 2922 1227 2988 nobilissimus
1246 2925 1312 2987 his-

115 3043 246 3106 toricus
269 3050 395 3105 noster.
