3258 5240
906 425 947 504 38

330 602 417 667 illius
448 604 629 667 severitate
659 604 833 678 liberatae,
866 624 927 687 pro
955 604 1115 686 legitimis
1138 605 1362 668 habebantur.
1389 606 1523 668 Revera

330 731 402 786 erat
426 722 508 787 illud
533 723 750 788 levamentum
775 725 808 788 in
826 736 996 808 praesens.

375 841 461 906 Cum
481 842 613 906 iudiciis
632 844 928 925 delationibusque
947 853 1028 927 apte
1048 844 1298 925 coniunguntur
1317 843 1450 906 somnia
1467 863 1523 905 va·

329 963 530 1046 ticiniaque:
564 963 596 1026 in
629 972 773 1046 utroque
805 965 895 1026 enim
922 983 1046 1045 genere
1071 972 1191 1044 regnat
1214 959 1317 1038 ἠλυγὴ
1343 963 1521 1044 quaedam.

331 1081 518 1146 Videamus
540 1102 622 1164 ergo
645 1103 732 1165 quae
757 1082 801 1146 H.
827 1082 877 1146 IV
902 1101 950 1146 cc.
976 1083 1108 1162 81-84
1127 1090 1304 1144 narrentur
1323 1082 1367 1144 de
1388 1080 1520 1143 somnio

331 1200 515 1264 Ptolemaei
547 1222 705 1284 novoque
736 1203 802 1265 deo
832 1202 877 1265 ab
904 1202 1087 1284 Aegyptiis
1111 1221 1129 1264 e
1155 1202 1264 1264 Ponto
1288 1201 1408 1283 petito.
1435 1199 1521 1262 Rem

331 1329 422 1384 recte
446 1321 662 1404 dilucideque
685 1322 826 1386 tradidit
849 1322 989 1384 Tacitus
1008 1322 1078 1396 sed,
1100 1322 1162 1384 nisi
1184 1341 1237 1384 me
1257 1320 1377 1384 fallunt
1397 1320 1522 1394 omnia,

330 1440 447 1504 turbas
471 1441 566 1505 dedit
590 1450 809 1524 praepostera
832 1441 927 1504 scioli
947 1441 1122 1504 industria.
1144 1439 1199 1504 Sic
1219 1441 1368 1503 narratio
1388 1439 1521 1521 incipit:

376 1559 406 1623 E
438 1560 539 1644 plebe
565 1560 800 1624 Alexandrina
824 1561 962 1642 quidam
986 1560 1161 1623 oculorum
1185 1561 1265 1622 tabe
1290 1567 1390 1623 notus
1413 1577 1524 1640 genua

331 1679 403 1742 eius
434 1679 491 1762 (sc.
524 1678 739 1762 Vespasiani)
765 1679 968 1754 advolvitur,
993 1680 1180 1743 remedium
1204 1679 1379 1742 caecitatis
1402 1696 1525 1760 expos·

332 1817 421 1873 cens,
453 1799 585 1861 monitu
616 1797 789 1881 Serapidis
820 1800 886 1874 dei,
910 1818 1013 1881 quem
1037 1799 1154 1861 dedita
1177 1798 1418 1882 superstitione
1441 1816 1525 1878 gens

331 1926 412 1981 ante
435 1916 520 1980 alios
544 1915 636 1981 colit.

377 2036 479 2100 Hunc
503 2035 605 2100 deum
628 2036 752 2099 deinde
776 2037 1012 2119 cognoscimus
1035 2058 1055 2100 a
1076 2037 1271 2100 Ptolemaeo
1292 2035 1419 2119 Sinope
1440 2035 1525 2118 peti·

332 2164 416 2229 tum,
449 2156 538 2218 iussu
570 2155 710 2230 iuvenis,
741 2157 799 2238 qui
832 2157 861 2219 ei
894 2157 927 2219 in
959 2157 1092 2218 somnio
1125 2156 1214 2219 visus
1245 2164 1327 2218 erat.
1361 2153 1445 2236 Quis
1470 2153 1526 2216 ille

333 2274 464 2336 iuvenis
497 2283 587 2338 esset
621 2276 800 2357 ignorabat
837 2275 1067 2350 Ptolemaeus;
1103 2276 1178 2357 quis
1214 2276 1297 2338 deus
1331 2283 1430 2348 esset,
1466 2275 1527 2354 qui

332 2392 420 2456 illius
443 2394 572 2456 iuvenis
596 2403 786 2477 sumpserat
810 2395 961 2476 liguram,
983 2396 1027 2458 ad
1048 2394 1130 2458 illud
1150 2414 1256 2476 usque
1275 2402 1411 2476 tempus
1432 2395 1526 2475 igno·

333 2513 455 2576 rabant
482 2513 717 2589 Alexandrini,
742 2514 920 2596 ignorabat
943 2513 1145 2577 Timotheus
1168 2512 1399 2588 Atheniensis,
1424 2533 1527 2595 quem

333 2635 380 2696 rei
400 2636 658 2716 cognoscendae
679 2655 780 2698 causa
799 2631 1019 2698 arcessiverat
1040 2635 1282 2716 dimiseratque
1303 2633 1527 2697 Ptolemaeus.

334 2751 400 2835 Qui
424 2774 505 2836 ergo
530 2753 667 2838 Serapis
690 2775 763 2818 esse
787 2762 910 2836 potest,
936 2773 1021 2817 unus
1045 2773 1063 2816 e
1087 2754 1231 2817 vetustis
1254 2753 1409 2834 Aegypti
1435 2750 1529 2815 deis?

334 2870 436 2954 Quod
459 2892 496 2936 se
519 2892 588 2936 non
612 2874 767 2955 ignorare
792 2873 927 2936 disertis
949 2873 1062 2935 verbis
1086 2881 1230 2935 testatur
1252 2872 1392 2935 Tacitus
1412 2872 1531 2934 dicens

333 2991 499 3074 templum
523 2993 632 3054 extrui
653 2991 739 3067 loco,
760 2993 817 3054 ubi
838 2992 947 3055 luerat
966 2991 1126 3055 sacellum
1147 2990 1304 3074 Serapidi
1322 2999 1426 3072 atque
1447 2989 1529 3052 Isidi

333 3112 517 3193 antiquitus
547 3120 715 3174 sacratum
747 3111 788 3193 (c.
814 3112 877 3192 84).
910 3111 1066 3192 Denique
1098 3111 1125 3172 si
1149 3112 1243 3184 deus,
1267 3111 1325 3191 qui
1350 3111 1383 3172 in
1407 3128 1529 3172 somno

335 3230 531 3294 Ptolemaeo
550 3232 646 3292 stetit
665 3239 745 3293 ante
765 3230 891 3305 oculos,
913 3229 1050 3313 Serapis
1068 3243 1125 3306 est,
1146 3232 1204 3312 qui
1217 3229 1256 3292 fit
1267 3238 1305 3292 ut
1319 3230 1359 3311 (c.
1373 3230 1417 3308 84
1429 3229 1529 3310 extr.)

333 3349 388 3412 alii
414 3369 491 3412 eum
516 3348 759 3432 Aesculapium
784 3369 857 3411 esse
880 3349 1006 3423 dicant,
1031 3347 1086 3411 alii
1112 3348 1292 3423 Osiridem,
1316 3347 1372 3410 alii
1398 3348 1528 3422 Iovem,

333 3467 389 3532 alii
411 3468 527 3531 Ditem
547 3477 679 3551 patrem
699 3467 802 3550 (haud
824 3469 961 3532 mirum:
984 3468 1101 3530 Ditem
1117 3469 1208 3530 enim
1221 3475 1353 3551 patrem
1367 3475 1402 3530 et
1414 3487 1481 3530 esse
1490 3476 1529 3529 et

327 3587 441 3669 fuisse
452 3606 529 3649 eum
542 3586 633 3669 apud
648 3584 854 3669 Sinopenses
867 3585 1009 3668 legimus
1021 3607 1049 3649 c.
1060 3587 1101 3667 83
1116 3606 1176 3648 m.:
1194 3585 1414 3665 „Timotheus
1427 3605 1530 3667 quae·

333 3705 416 3779 sitis,
429 3707 486 3787 qui
500 3705 533 3768 in
549 3705 693 3768 Pontum
708 3714 887 3781 meassent,
902 3707 1077 3788 cognoscit
1089 3706 1208 3768 urbem
1222 3705 1289 3769 illic
1304 3704 1455 3788 Sinopen
1465 3725 1531 3768 nec

334 3823 452 3907 procul
472 3823 639 3907 templum
659 3833 774 3888 vetere
795 3825 882 3888 inter
902 3824 1035 3888 accolas
1055 3823 1145 3888 l'ama
1163 3825 1253 3887 Iovis
1272 3823 1394 3888 Ditis’'.
1411 3824 1532 3904 Atque

334 3962 378 4006 ex
400 3942 464 4005 hoc
485 3943 615 4026 templo
636 3943 719 4007 deus
739 3944 792 4007 vel
813 3953 936 4028 sponte
958 3944 1130 4026 profectus
1149 3944 1203 4007 vel
1223 3944 1392 4007 abductus
1407 3945 1534 4007 dicitur
1624 4001 1625 4024 ζ

335 4081 363 4124 c.
397 4062 440 4141 84
471 4062 539 4143 m),
570 4062 630 4125 sed
656 4083 748 4126 neme
772 4060 992 4146 Serapidem?
1015 4062 1065 4125 At
1090 4063 1124 4124 in
1150 4063 1261 4126 verbis
1284 4082 1313 4125 c.
1339 4064 1377 4126 81
1405 4064 1532 4128 monitu

335 4177 509 4263 Serapidis
527 4180 581 4244 dei
600 4181 675 4244 dele
695 4181 870 4265 Serapidis
889 4201 1024 4256 nornen,
1045 4181 1160 4243 omnia
1173 4189 1272 4244 erunt
1284 4181 1480 4264 planissima
1496 4179 1532 4263 ¹).

372 4437 398 4506 r)
417 4439 457 4489 De
476 4439 606 4490 Plutarchi
625 4439 690 4490 locis
710 4439 802 4489 eodem
822 4437 1015 4503 pertinentibus
1033 4445 1125 4502 agetur
1143 4453 1166 4489 c.
1186 4437 1272 4486 XVll.
