3266 5238
671 433 732 499 109

143 595 223 658 Non
247 597 363 659 statim
386 605 530 679 apparet
549 598 634 661 haec
654 598 736 680 quid
757 597 820 660 sibi
840 597 960 673 velint;
981 598 1042 660 sed
1056 617 1091 661 re
1104 599 1292 662 accuratius

95 733 268 798 perpensa
289 736 406 780 verum
426 715 491 779 loci
512 737 647 780 sensum
668 717 860 800 perspicere
874 716 956 779 mihi
969 717 1098 780 videor.
1112 717 1188 780 Hoc
1202 719 1293 780 enim

95 847 214 900 narrat
238 838 394 901 Tacitus:
420 835 513 901 Otho
537 839 702 920 primores
727 839 893 920 quosdam
918 837 1113 912 Galliarum,
1138 838 1292 920 quitum

93 956 186 1020 sorte
218 959 350 1022 Romae
382 958 533 1032 aderant,
549 954 552 964 '
566 957 740 1020 dimiserat
770 965 807 1020 ut
838 977 917 1020 suos
945 958 1087 1039 quisque
1111 959 1292 1040 populares

93 1086 219 1141 contra
244 1077 420 1141 Vitellium
444 1078 611 1141 incitaret.
637 1078 682 1140 Hi
706 1097 799 1160 ergo,
823 1097 901 1141 cum
926 1078 1048 1141 eodem
1071 1086 1228 1161 tempore
1248 1079 1293 1142 ab

93 1197 182 1259 urbe
214 1196 525 1279 proficiscebantur,
555 1197 750 1279 priusquam
775 1197 926 1260 insuam
951 1197 1094 1278 quisque
1117 1197 1292 1260 civitatem

92 1317 368 1398 digrederentur,
399 1317 433 1381 in
466 1316 579 1398 aliqua
609 1317 701 1393 urbe,
734 1317 825 1380 unde
856 1317 1010 1379 diversae
1042 1318 1183 1380 exibant
1206 1318 1293 1392 viae,

92 1444 342 1512 convenerant,
372 1435 487 1517 ibique
519 1436 577 1518 (sic
601 1444 693 1498 certe
718 1455 832 1498 rumor
855 1434 999 1517 ferebat)
1023 1437 1226 1520 pepigerant
1251 1457 1292 1499 ne

93 1557 260 1618 deessent
283 1554 432 1618 libertati
457 1574 486 1617 e.
500 1575 534 1636 q.
547 1529 606 1617 s.”.

143 1677 191 1740 H.
216 1677 259 1751 V,
289 1694 315 1739 1.
340 1676 452 1740 Prima
475 1685 553 1739 sunt
576 1674 652 1738 libri
677 1675 798 1739 verba:

145 1796 331 1876 ,Eiusdem
351 1797 430 1858 anni
444 1794 610 1878 principio
624 1793 747 1859 Caesar
759 1795 866 1870 Titus,
880 1796 1133 1877 perdomandae
1146 1797 1293 1861 Iudaeae

93 1915 254 1980 delectus
284 1935 305 1978 a
335 1924 431 1998 patre
462 1923 497 1978 et
531 1915 671 1997 privatis
703 1915 876 1997 utriusque
906 1915 1005 1978 rebus
1030 1915 1149 1979 militia
1173 1917 1291 1992 clarus

93 2035 229 2097 maiore
241 2043 313 2097 tum
323 2035 356 2097 vi
369 2032 526 2116 famaque
535 2034 669 2116 agebat,
678 2034 886 2097 certantibus
896 2034 1144 2117 provinciarum
1154 2044 1292 2099 etexer-

93 2155 231 2216 cituum
241 2154 374 2230 studiis,
388 2162 492 2236 atque
505 2155 577 2236 ipse
590 2162 627 2215 ut
639 2173 739 2235 super
753 2152 922 2216 fortunam
936 2154 1131 2217 crederetur
1143 2175 1171 2218 e.
1186 2176 1218 2237 q.
1232 2156 1292 2220 S.”.

144 2274 266 2337 Voluit
290 2295 371 2356 ergo
394 2275 493 2338 Titus
516 2286 616 2357 super
626 2275 809 2356 fortunam
829 2273 929 2348 credi,
950 2274 1009 2336 sed
1030 2276 1112 2355 quid
1138 2276 1202 2338 hoc
1222 2275 1294 2340 est?

93 2396 213 2468 Putes,
246 2402 284 2456 ut
309 2394 441 2476 opinor,
466 2394 509 2456 de
533 2412 574 2455 eo
597 2394 662 2456 hoc
687 2393 753 2455 dici
778 2393 846 2474 qui,
871 2413 948 2455 cum
973 2395 1007 2456 in
1032 2395 1126 2458 edito
1149 2397 1193 2458 sit
1215 2395 1293 2459 loco

95 2514 243 2597 positus,
264 2522 379 2576 tamen
399 2520 581 2576 contentus
601 2531 642 2574 eo
663 2532 732 2574 non
752 2519 814 2586 est,
835 2519 870 2574 et
889 2513 1052 2576 maiorem
1073 2514 1174 2577 etiam
1188 2535 1290 2596 quam

94 2653 164 2716 pro
196 2632 329 2695 fortuna
361 2631 485 2694 lamam
517 2632 659 2713 appetit.
693 2629 741 2692 At
767 2630 832 2692 hoc
855 2629 883 2692 si
908 2631 1069 2694 voluisset
1093 2631 1200 2708 Titus,
1225 2633 1293 2696 iam

95 2773 170 2816 non
203 2759 377 2833 tamquam
409 2751 622 2833 imperatoris
646 2749 733 2812 filius
756 2750 879 2832 suspici
904 2752 964 2814 sed
988 2758 1163 2834 tamquam
1187 2753 1293 2835 impe·

95 2881 193 2936 rator
224 2872 289 2937 coli
319 2871 490 2954 cupiisset.
523 2870 569 2932 Et
600 2870 743 2933 multum
774 2870 873 2932 abest
897 2879 933 2932 ut
957 2878 1088 2934 tantam
1112 2872 1142 2934 ei
1167 2872 1294 2935 tribuat

94 2992 329 3073 arrogantiam
348 2989 503 3066 Tacitus;
527 2990 570 3052 de
592 2989 714 3052 eodem
736 2992 826 3052 enim
845 3009 946 3072 porro
959 2999 1087 3054 narrat:
1111 2992 1291 3072 ,decorum

94 3134 134 3175 se
160 3120 425 3195 promptumque
457 3111 490 3173 in
517 3111 619 3173 armis
642 3108 857 3184 ostendebat,
881 3111 1043 3174 comitate
1067 3119 1102 3174 et
1125 3113 1293 3195 adloquiis

95 3233 213 3297 officia
235 3251 424 3314 provocans
448 3251 486 3294 ac
512 3230 710 3313 plerumque
735 3229 768 3292 in
790 3249 904 3312 opere,
926 3230 959 3292 in
980 3231 1115 3312 agmine
1128 3207 1292 3316 gregario

95 3352 201 3417 militi
230 3353 365 3425 mixtus,
397 3351 593 3432 incorrupto
624 3349 719 3412 ducis
750 3347 911 3412 honore”.
942 3350 1097 3413 Proiecto
1122 3372 1189 3414 non
1213 3362 1291 3416 sunt

94 3473 184 3535 haec
216 3472 286 3534 eius
316 3490 418 3553 quem
449 3470 499 3532 sui
531 3477 647 3543 status
673 3470 827 3551 quamvis
851 3471 988 3551 egregii,
1013 3471 1176 3552 poenitet.
1204 3472 1289 3535 Mire

95 3593 155 3656 hic
179 3613 199 3654 a
222 3590 423 3673 quotidiano
452 3589 613 3671 loquendi
646 3589 884 3671 scribendique
916 3609 974 3650 usu
1001 3591 1129 3652 recedit
1151 3591 1290 3654 Tacitus

96 3720 134 3774 et
166 3709 543 3774 honorificentissimum
578 3708 644 3771 hoc
674 3707 755 3770 Tito
788 3709 846 3770 dat
878 3707 1127 3770 testimonium:
1164 3710 1289 3788 ,videri

96 3832 295 3895 hominibus
314 3831 341 3892 is
361 3849 434 3892 esse
455 3829 625 3912 cupiebat,
646 3849 748 3910 quem
769 3826 903 3890 lortuna
923 3847 1033 3909 neque
1046 3839 1289 3912 corrumperet,

95 3970 211 4032 neque
231 3951 274 4013 ad
295 3951 464 4032 ignaviam
478 3950 685 4024 detruderet,
700 3948 756 4030 qui
770 3946 923 4009 lortunae
937 3948 1119 4030 imperaret
1133 3947 1289 4032 (κρείττων

93 4077 159 4142 τῆς
181 4068 295 4153 τύχης)
321 4091 388 4134 non
412 4070 457 4132 ab
480 4069 536 4133 illa
559 4067 763 4152 regeretur”.

145 4189 237 4253 Ann.
262 4190 305 4264 II,
331 4209 367 4270 3:
397 4190 488 4270 ,Nec
513 4189 651 4272 Tigrani
675 4187 870 4251 diuturnum
894 4187 1074 4270 imperium
1099 4188 1159 4252 luit
1181 4209 1290 4271 neque

93 4309 216 4376 liberis
233 4310 312 4384 eius,
334 4328 541 4390 quamquam
562 4307 697 4370 sociatis
717 4325 810 4369 more
831 4313 974 4368 externo
990 4307 1023 4368 in
1037 4309 1289 4372 matrimonium

95 4427 342 4512 regnumque”.
