3258 5240
676 461 716 525 33

96 625 328 708 improvidum
360 632 394 687 et
426 623 559 688 facilem
583 624 748 700 inanibus,
773 627 816 688 ad
842 624 1091 689 Chaldaeorum
1116 625 1291 707 promissa,

98 763 276 826 magorum
306 763 411 820 sacra,
444 745 651 806 somniorum
683 744 786 807 etiam
815 745 1018 826 interpretes
1041 744 1185 827 impulit,
1210 745 1292 807 dum

98 883 266 944 proavum
310 863 521 944 Pompeium,
560 862 699 926 amitam
736 863 959 940 Scriboniam,
996 885 1083 946 quae
1119 865 1293 945 quondam

97 981 247 1062 Augusti
271 983 420 1044 coniunx
444 981 562 1057 luerat,
587 983 808 1045 consobrinos
828 983 998 1060 Caesares,
1020 983 1156 1065 plenam
1177 983 1292 1064 imagi-

97 1099 199 1163 nibus
231 1101 370 1163 domurn
402 1108 563 1176 ostentat,
594 1101 816 1183 hortaturque
848 1103 891 1165 ad
923 1101 1039 1164 luxum
1072 1110 1107 1165 et
1134 1121 1191 1164 aes
1213 1101 1292 1164 alie-

98 1239 193 1294 num,
224 1219 334 1282 socius
357 1219 537 1283 libidinum
561 1228 596 1283 et
620 1220 870 1295 necessitatum,
895 1240 964 1302 quo
987 1219 1138 1302 pluribus
1161 1219 1294 1283 indiciis

97 1337 267 1419 inligaret.

144 1455 181 1520 Si
205 1457 294 1520 Libo
317 1456 454 1521 liberius
477 1458 668 1539 lautiusque
692 1458 776 1520 vivit
800 1466 836 1520 et
858 1477 916 1520 aes
939 1455 1087 1521 alienum
1111 1456 1293 1532 contrahit,

98 1576 215 1658 palam
236 1576 274 1638 fit
293 1597 371 1640 eum
391 1597 522 1641 summa
541 1597 697 1659 quaeque
717 1597 852 1660 sperare
874 1585 909 1639 et
928 1584 1138 1659 exspectare,
1155 1577 1294 1658 eiusque

96 1696 192 1758 vitae
216 1695 319 1760 Catus
343 1716 481 1759 consors
501 1669 581 1759 curn
606 1695 654 1770 fit,
680 1695 786 1759 multa
809 1697 843 1758 in
869 1695 1036 1758 Libonem
1062 1703 1176 1777 potest
1204 1695 1296 1759 colli·

96 1835 181 1896 gere
223 1815 357 1878 indicia.
394 1813 470 1877 Hoc
505 1817 549 1878 ad
585 1814 843 1897 intelligendum
879 1835 947 1878 non
980 1815 1027 1878 ita
1062 1823 1114 1877 est
1149 1814 1294 1878 difficile.

98 1935 212 2016 Magis
232 1933 265 1996 in
287 1934 460 1997 vocabulis
479 1935 585 1998 socius
604 1936 830 1998 necessitatum
850 1935 1039 1998 haeremus.
1060 1935 1149 1997 Nam
1170 1916 1196 1996 si
1211 1954 1295 1997 voce

96 2055 303 2118 necessitates
325 2054 505 2136 significari
529 2055 693 2118 sumimus
716 2055 769 2118 rei
784 2055 982 2138 familiaris
1004 2066 1178 2137 egestatem
1199 2065 1296 2136 atque

98 2174 258 2256 inopiam,
291 2193 409 2255 rogare
440 2174 549 2236 subit:
586 2194 798 2256 ‚unquamne
824 2175 1003 2256 quisquam
1027 2174 1059 2236 in
1084 2193 1162 2237 aere
1185 2173 1297 2237 alieno

97 2292 338 2358 contrahendo
369 2314 405 2356 se
436 2293 491 2356 alii
523 2293 582 2356 dat
614 2295 786 2369 comitem,
820 2293 924 2375 idque
956 2294 1035 2356 ideo
1067 2301 1104 2356 ut
1131 2292 1218 2356 illius
1242 2314 1296 2356 co-

97 2420 244 2496 gnoscat
276 2412 415 2475 consilia
445 2422 576 2475 secreta
586 2411 618 2474 ?”
650 2413 736 2476 Tam
768 2414 914 2476 absurda
944 2434 984 2477 ea
1016 2434 1068 2476 res
1099 2413 1234 2477 videtur
1261 2423 1298 2477 ut

98 2552 292 2614 propensus
324 2531 384 2594 fias
415 2534 459 2595 ad
484 2533 692 2596 credendum
717 2535 942 2597 necessitatum
967 2535 1014 2595 ita
1037 2533 1145 2615 accipi
1172 2533 1297 2596 debere

97 2659 140 2714 ut
164 2651 256 2714 idem
279 2652 322 2713 sit
348 2651 440 2733 quod
466 2653 746 2716 necessitudinum.
773 2651 840 2716 Sed
867 2653 914 2715 ita
939 2670 1060 2714 vocem
1084 2651 1176 2714 illam
1195 2651 1297 2713 inter·

99 2770 229 2852 pretari
254 2777 288 2832 te
313 2778 408 2832 vetat
432 2772 628 2852 perspicuus
656 2769 939 2852 ,parallelismus”
963 2771 1021 2852 qui
1041 2778 1094 2833 est
1114 2770 1147 2832 in
1168 2769 1297 2832 verbis:

98 2891 263 2953 hortatur
297 2890 345 2952 ad
373 2889 489 2953 luxum
520 2901 552 2952 et
580 2910 636 2952 aes
666 2889 808 2953 alienum
822 2938 830 2952 .
845 2937 852 2951 .
868 2938 897 2952 ..
928 2891 1034 2953 secius
1064 2889 1236 2952 libidinum
1268 2899 1300 2951 et

98 3011 340 3074 necessitatum.
374 3009 510 3091 Ergone
541 3011 647 3072 socius
677 3009 778 3092 paulo
808 3008 945 3071 liberius
976 3010 1237 3090 interpretemur
1261 3016 1299 3069 ut

99 3129 209 3193 Catus
241 3148 309 3191 non
341 3129 474 3191 dicatur
505 3137 539 3191 et
563 3129 636 3210 ipse
660 3149 717 3191 aes
740 3128 950 3191 contraxisse
973 3128 1132 3202 alienum,
1156 3128 1216 3189 sed
1240 3127 1299 3189 ad·

99 3248 205 3311 fuisse
238 3248 489 3322 tantummodo,
523 3267 600 3310 cum
632 3249 745 3310 denuo
770 3247 949 3330 pecuniam
974 3256 1128 3310 mutuam
1151 3255 1300 3310 sumeret

101 3367 194 3431 Libo
218 3374 254 3428 et
272 3386 367 3429 suam
387 3366 627 3448 interposuisse
648 3364 772 3429 fidem?
793 3366 938 3429 Difficile
959 3375 1011 3430 est
1030 3368 1217 3450 quidquam
1238 3385 1299 3449 pro

100 3496 200 3552 certo
231 3487 408 3562 affirmare,
440 3486 519 3569 quia
543 3495 617 3550 tota
642 3487 789 3550 narratio
814 3487 872 3549 vix
896 3487 998 3550 ullam
1023 3487 1126 3550 habet
1150 3487 1298 3568 speciem

100 3607 187 3670 veri.
219 3605 288 3669 Ain
319 3604 422 3668 vero?
455 3604 722 3669 Adolescentem
748 3607 790 3669 de
815 3607 944 3670 insidiis
968 3606 1106 3668 Tiberio
1130 3605 1300 3668 struendis

102 3747 148 3791 ne
168 3726 379 3808 cogitantem
399 3725 537 3806 quidem
557 3724 661 3788 Catus
680 3725 852 3807 impulerit
873 3734 909 3787 ut
929 3745 969 3787 ea
988 3731 1139 3806 speraret
1161 3743 1300 3804 exspec-

100 3852 264 3926 taretque
295 3863 381 3925 quac
414 3844 477 3926 ipsi
509 3843 642 3907 funesta
673 3853 770 3906 erant
793 3843 914 3918 futura,
939 3844 1050 3924 adque
1076 3861 1132 3904 eas
1155 3840 1301 3922 ineptias

101 3985 185 4028 eum
209 3964 253 4026 sit
277 3963 486 4038 adhortatus,
510 3983 598 4044 quae
622 3962 709 4026 illius
729 3963 801 4044 spei
822 3961 947 4025 indicio
967 3969 1090 4036 essent,
1112 3960 1215 4042 idque
1236 3959 1301 4022 hoc

101 4083 249 4148 consilio
273 4090 310 4145 ut
335 4082 406 4164 ipse
431 4081 563 4144 delator
586 4083 658 4144 eius
683 4081 753 4144 fieri
779 4089 894 4164 posset
919 4081 1024 4144 etsie
1050 4080 1133 4143 inire
1157 4080 1301 4161 gratiam

101 4202 245 4276 Tiberii,
272 4221 341 4283 quo
365 4220 467 4263 nemo
492 4220 642 4282 unquam
667 4199 729 4262 tuit
752 4199 883 4262 sobrius
907 4201 1014 4281 magis
1034 4207 1068 4262 et
1093 4198 1185 4280 ,falsi
1205 4196 1303 4259 intel·

101 4318 267 4404 legens”?
295 4319 462 4394 Proiecto,
487 4318 570 4382 haec
595 4320 708 4382 omnia
733 4319 759 4380 si
785 4317 865 4380 lecit
889 4317 1002 4392 Catus,
1020 4317 1216 4400 prodigium
1240 4314 1302 4377 fuit

96 4439 292 4524 pravitatis
324 4437 445 4500 Tacito
482 4435 634 4499 Annales
668 4456 746 4499 suos
781 4435 941 4498 scribenti
973 4434 1211 4517 gratissimum,
1243 4431 1303 4493 sed

1145 4563 1160 4614 3
