3266 5238
696 495 737 576 8³

122 673 241 736 Livius
264 681 299 736 et
323 674 369 735 ob
393 694 469 736 eam
493 694 565 736 rem
589 672 733 736 multum
757 681 809 736 est
832 673 865 736 in
886 674 957 736 eius
978 672 1138 755 exemplo
1159 671 1316 754 praesidii

122 790 297 855 Cremutio
315 791 362 879 ¹).¹

169 909 301 992 Quodsi
331 912 406 993 quis
437 932 491 975 me
523 920 631 993 rogat,
663 911 745 992 quid
778 930 858 993 ergo
890 911 933 974 sit
964 913 1144 995 oppositum
1170 909 1258 985 fidei,
1283 911 1317 972 in

122 1040 285 1115 promptu
310 1040 362 1094 est
385 1052 596 1114 responsum.
622 1032 684 1094 Est
707 1032 883 1106 discordia,
908 1033 1001 1114 quod
1026 1031 1229 1095 vocabulum
1253 1031 1318 1096 Ta·

121 1150 193 1212 cito
224 1151 258 1212 in
283 1151 412 1214 deliciis
436 1171 508 1214 esse
533 1153 677 1228 videtur,
703 1172 813 1234 neque
838 1160 952 1214 tamen
976 1173 1111 1235 semper
1134 1172 1195 1214 suo
1218 1172 1318 1214 sensu

121 1270 299 1352 accipitur.
325 1268 425 1332 Dabo
450 1290 554 1332 unum
579 1279 614 1332 et
638 1269 781 1332 alterum
805 1269 935 1333 locum:

170 1388 214 1451 H.
240 1388 265 1462 l,
293 1403 343 1470 53.
371 1388 537 1468 ,Caecina
559 1408 660 1471 aegre
684 1409 802 1472 passus
826 1390 882 1472 (sc.
907 1409 943 1452 se
967 1409 987 1452 a
1011 1388 1120 1453 Galba
1144 1388 1320 1472 peculatus

122 1508 331 1588 accusatum)
368 1509 507 1571 miscere
543 1517 667 1572 cuncta
701 1517 737 1571 et
772 1509 904 1591 privata
939 1508 1077 1572 vulnera
1113 1509 1318 1592 reipublicae

124 1629 222 1691 malis
253 1629 385 1711 operire
416 1629 544 1691 statuit.
577 1628 650 1691 Nec
683 1629 824 1691 deerant
854 1629 887 1690 in
920 1629 1071 1690 exercitu
1101 1630 1230 1692 semina
1255 1629 1320 1690 dis-

123 1747 272 1822 cordiae,
296 1747 388 1828 quod
413 1756 448 1810 et
472 1747 563 1810 bello
587 1749 749 1811 adversus
769 1747 952 1810 Vindicem
972 1748 1146 1810 universus
1165 1746 1320 1811 adfuerat

125 1885 188 1928 uec
208 1867 272 1927 nisi
292 1867 405 1928 occiso
427 1865 563 1928 Nerone
583 1865 765 1929 translatus
785 1867 819 1928 in
840 1865 984 1930 Galbam
1005 1875 1107 1948 atque
1129 1868 1162 1929 in
1183 1886 1224 1928 eo
1244 1866 1319 1948 ipso

123 1993 339 2048 sacramento
363 1985 495 2048 vexillis
518 1985 683 2048 inferioris
709 1985 910 2049 Germaniae
935 1994 1140 2068 praeventus
1163 1985 1267 2048 erat'’.

170 2103 374 2168 Accuratius
397 2105 507 2168 luerat
529 2106 584 2168 hic
607 2107 690 2189 agri
704 2103 839 2188 fertilis
863 2106 1009 2187 imagine
1033 2105 1092 2180 uti,
1113 2106 1146 2166 in
1167 2125 1235 2187 quo
1256 2105 1322 2168 dis·

123 2225 262 2287 cordiae
303 2225 432 2287 semina
467 2245 564 2288 suum
599 2225 662 2288 sibi
699 2225 796 2288 facile
831 2225 1022 2287 invenirent
1057 2224 1320 2287 nutrimentum:

123 2344 276 2426 angebat
307 2346 396 2406 enim
426 2364 485 2406 eos
508 2345 716 2408 conscientia
741 2344 1045 2426 intelligebantque
1070 2364 1137 2406 non
1163 2364 1262 2426 posse
1286 2363 1321 2406 se

124 2463 257 2526 Galbae
282 2463 389 2526 videri
413 2463 565 2546 partibus
584 2464 688 2546 ipsius
709 2485 752 2526 ex
772 2465 875 2527 animi
896 2465 1065 2526 sententia
1086 2464 1231 2526 deditos.
1254 2462 1322 2527 Sed

121 2603 351 2666 quaecunque
372 2591 423 2645 est
443 2592 556 2646 cetera
574 2583 640 2646 loci
659 2583 839 2659 sententia,
860 2585 1061 2647 discordiam
1082 2603 1155 2646 esse
1172 2591 1322 2645 mentem

122 2724 245 2767 eorum
277 2704 335 2785 qui
363 2701 459 2767 facile
484 2723 504 2765 a
527 2704 697 2785 praesenti
723 2703 913 2765 desciscant
937 2702 1142 2784 imperatore
1166 2709 1322 2782 apertum

123 2831 191 2885 est.
222 2821 271 2885 cf.
296 2841 325 2884 c.
349 2822 394 2886 60
420 2821 492 2902 ,Ne
516 2823 550 2884 in
575 2822 749 2885 Britannia
773 2822 913 2903 quidem
937 2820 1141 2885 dubitatum.
1166 2821 1324 2883 Praeerat

124 2940 318 3004 Trebellius
358 2941 537 3017 Maximus,
573 2962 634 3024 per
669 2942 845 3005 avaritiam
881 2962 920 3004 ac
956 2942 1073 3005 sordes
1107 2948 1324 3022 contemptus

125 3061 292 3124 exercitui
317 3061 522 3143 invisusque.
543 3061 768 3124 Accendebat
789 3061 905 3123 odium
925 3061 997 3123 eius
1018 3061 1160 3124 Roscius
1180 3059 1323 3136 CaeliuS,

125 3181 262 3262 legatus
285 3181 465 3243 vicesimae
490 3180 642 3262 legionis,
667 3179 747 3242 olim
771 3179 919 3243 discors”
943 3180 964 3242 i.
985 3199 1014 3241 e.
1035 3181 1077 3242 ad
1099 3181 1324 3244 resistendum

127 3299 326 3382 provinciae
357 3301 504 3382 praesidi
536 3318 735 3382 propensus
765 3299 810 3362 Et
835 3299 935 3381 paulo
960 3308 1039 3382 post
1067 3321 1179 3382 „eoque
1201 3301 1325 3364 discor·

127 3419 207 3482 diae
235 3418 398 3494 ventum”,
430 3419 488 3481 ubi
517 3439 585 3482 non
610 3419 653 3481 de
678 3418 840 3481 militibus
864 3421 951 3482 inter
973 3440 1007 3482 se
1029 3418 1241 3501 litigantibus
1264 3420 1323 3483 sed

127 3538 174 3601 de
199 3536 361 3600 militibus
383 3538 546 3601 adversus
567 3539 680 3601 ducem
702 3559 798 3601 suum
823 3537 1081 3601 contumacibus
1105 3539 1226 3618 agitur.

179 3655 223 3718 H.
249 3656 291 3730 11,
317 3674 346 3738 7.
372 3656 438 3720 Cur
470 3656 646 3720 Mucianus
679 3657 977 3740 Vespasianusque
1008 3655 1159 3717 nondum
1193 3655 1325 3736 imperii

129 3773 228 3838 frena
245 3774 277 3836 in
297 3794 415 3837 manus
432 3795 564 3837 sumere
578 3773 685 3838 velint
698 3784 732 3838 et
744 3775 817 3838 aliis
831 3774 942 3838 verbis
956 3773 1157 3836 describitur
1169 3782 1204 3836 et
1218 3773 1324 3836 hisce:

129 3968 329 3978 ——-—

172 4075 198 4138 1)
218 4075 277 4137 Quo
302 4074 380 4123 modo
404 4089 437 4123 ex
462 4074 525 4138 Agr.
547 4086 588 4138 ιο,
606 4088 624 4135 4
641 4081 765 4138 appareat
783 4074 875 4140 fidem,
900 4072 921 4122 si
946 4087 1004 4122 curn
1026 4073 1178 4136 eloquentia
1196 4073 1327 4140 iungatur,

130 4161 202 4212 nihil
219 4177 275 4211 esse
295 4176 370 4225 posse
390 4175 468 4226 quam
488 4159 739 4223 ,Zuverlussigkeit”
756 4160 839 4224 (quod
856 4158 976 4223 perhibet
993 4159 1173 4225 Andreseuus)
1189 4175 1243 4208 uon
1259 4174 1326 4208 asse·

130 4261 213 4313 quor:
233 4248 271 4297 ibi
290 4247 360 4297 euim
379 4261 437 4296 curn
456 4244 608 4310 eloquentia
627 4245 794 4310 coniungitur
812 4244 867 4310 (vel
884 4245 971 4310 potius
989 4233 1156 4309 eloquentiae
1172 4241 1327 4313 opponitur)

131 4349 189 4384 non
204 4334 272 4401 fides
291 4349 379 4384 verum
398 4347 488 4381 rerum
501 4332 577 4398 fides.
597 4331 694 4380 Nostro
713 4332 845 4381 annalium
863 4332 922 4381 loeo
941 4330 963 4380 si
975 4331 1044 4398 fides
1063 4338 1115 4380 est:
1138 4331 1327 4395 „Zuverlttssig

131 4419 207 4470 treis*
232 4418 492 4486 (Gloubwr'c'rdigkeit
515 4417 558 4466 hic
582 4417 690 4467 dixerim
715 4417 824 4485 potius),
847 4418 948 4468 nullum
974 4431 1079 4481 prorsus
1104 4415 1236 4467 Cremutio
1255 4432 1328 4482 argu·

130 4516 251 4556 mentum
270 4506 360 4555 Livius
379 4505 496 4570 praebet.
