3266 5238
680 451 841 533 89.

89 647 167 707 „nec
198 627 333 702 referre,
368 627 544 691 Vitellium
568 650 611 692 an
636 629 809 693 Othonem
833 631 1049 712 superstitem
1073 630 1206 693 fortuna
1231 629 1277 693 fa·

84 746 208 809 ceret'’.
240 746 307 810 Cur
336 767 418 829 ergo
441 747 518 811 belli
539 749 664 812 exitum
689 750 956 831 exspectandum
982 749 1165 813 censeant?
1189 750 1277 812 Nam

84 865 140 929 ille
159 865 357 928 alterutrum
375 865 477 928 faciet
495 868 672 931 victorem.
691 868 790 931 Nova
808 888 889 950 ergo
907 869 1077 932 sententia
1095 868 1148 932 vel
1166 869 1278 931 verbis

83 984 240 1048 bellorum
272 985 418 1048 civilium
451 985 505 1048 vel
533 985 609 1049 belli
631 985 740 1050 civilis
763 988 892 1069 incipit.
917 985 1163 1069 Quamcunque
1188 989 1277 1050 enim

83 1104 264 1185 recipimus
288 1102 481 1179 lectionem,
506 1105 628 1168 eadem
648 1107 764 1168 evadit
783 1107 961 1180 sententia,
983 1127 1071 1188 quae
1092 1126 1215 1169 verane
1235 1126 1278 1168 an

84 1221 166 1284 salsa
189 1223 233 1284 sit
257 1243 346 1286 nunc
372 1243 439 1286 non
465 1224 614 1307 disputo.

125 1342 172 1404 H.
198 1343 242 1418 II,
271 1343 318 1406 16.
354 1344 511 1408 Pacarius
541 1343 698 1408 Corsicae
729 1354 928 1428 procurator
956 1331 990 1408 in
1020 1345 1124 1408 verba
1149 1345 1278 1408 Vitellii

84 1463 193 1524 iurare
225 1462 360 1537 incolas,
390 1463 510 1526 occisis
533 1464 573 1526 iis
596 1464 654 1545 qui
680 1464 834 1526 resistere
859 1465 996 1539 audent,
1021 1465 1122 1546 cogit.
1148 1463 1197 1526 At
1222 1463 1278 1527 ubi

84 1580 162 1644 belli
200 1582 419 1645 incommoda
453 1584 644 1646 sentiuntur
675 1592 709 1645 et
740 1603 842 1664 quam
876 1603 983 1667 prope
1013 1583 1101 1646 absit
1134 1582 1280 1646 Othonis

83 1701 199 1764 classis
212 1709 396 1783 reputatur,
411 1703 588 1784 poenitere
601 1703 692 1764 cives
705 1702 804 1764 nimis
817 1701 964 1765 festinati
979 1701 1132 1783 obsequii
1145 1701 1280 1783 incipit:

130 1819 197 1900 ,Et
229 1822 337 1883 aversi
370 1830 511 1903 repente
544 1822 658 1896 animi,
691 1841 753 1884 nec
785 1830 900 1884 tamen
932 1830 1049 1904 aperta
1082 1821 1130 1883 vi:
1161 1828 1279 1902 aptum

82 1949 220 2022 tempus
245 1940 373 2002 insidiis
392 1940 515 2022 legere.
537 1940 714 2022 DigressiS,
735 1941 792 2022 qui
813 1940 986 2003 Pacarium
1007 1939 1279 2028 frequentabant,

83 2061 196 2122 nudus
219 2069 253 2121 et
277 2059 391 2126 auxilii
417 2060 525 2142 inops,
552 2060 695 2123 balineis
718 2059 950 2123 interficitur”.

125 2180 247 2244 Arena
274 2182 347 2244 sine
370 2181 463 2244 calce
488 2181 571 2244 haec
595 2191 662 2258 est;
689 2191 724 2244 ut
750 2182 837 2245 bene
862 2190 1101 2264 coagmentata
1125 2188 1281 2244 nascatur

82 2301 267 2374 sententia,
282 2309 412 2364 mutata
425 2301 642 2365 distinctione
656 2308 691 2363 et
704 2301 873 2364 lenissima
884 2302 1028 2363 duorum
1037 2300 1280 2364 vocabulorum

83 2420 329 2482 emendatione
354 2440 440 2503 opus
463 2429 513 2482 est
539 2428 572 2482 et
597 2421 644 2483 sic
669 2419 868 2502 legendum:

129 2540 198 2620 ,Et
231 2540 357 2602 aversis
387 2549 528 2622 repente
560 2540 691 2614 animis,
724 2559 786 2602 nec
814 2547 929 2602 tamen
953 2549 1070 2623 aperta
1095 2540 1138 2614 vi,
1162 2547 1281 2621 aptum

77 2670 221 2743 tempus
245 2659 373 2722 insidiis
397 2659 526 2740 legere:
552 2659 710 2741 digressis
733 2679 762 2721 e.
787 2680 820 2741 q.
845 2657 904 2721 s.”.

124 2781 173 2843 H.
201 2780 244 2854 11,
270 2795 323 2862 72.
349 2781 401 2842 De
426 2779 498 2842 salsi
524 2778 736 2843 Scriboniani
761 2780 854 2842 exitu
879 2778 963 2842 haec
987 2779 1160 2860 leguntur:

126 2898 285 2982 „(vulgus
316 2898 490 2963 credulum
514 2906 550 2962 et
573 2900 712 2980 quidam
742 2898 887 2961 militum
911 2899 1027 2961 statim
1049 2897 1279 2979 aggregaban-

75 3021 145 3102 tur)
180 3038 259 3082 cum
291 3026 479 3101 pertractus
510 3019 553 3080 ad
585 3016 762 3081 Vitellium
791 3019 1095 3099 interrogatusque,
1123 3017 1278 3098 quisnam

76 3138 278 3202 mortalium
312 3146 417 3201 esset:
451 3146 632 3220 postquam
666 3136 757 3200 nulla
786 3137 886 3200 dictis
917 3136 1002 3199 fides
1033 3144 1068 3199 et
1095 3157 1115 3199 a
1138 3135 1279 3199 domino

76 3257 298 3332 noscebatur,
330 3257 531 3320 condicione
558 3256 728 3338 fugitivus,
754 3257 891 3319 nomine
916 3256 1013 3332 Geta,
1038 3265 1210 3339 sumptum
1235 3256 1278 3318 de

75 3397 120 3442 eo
146 3376 354 3458 supplicium
379 3377 411 3440 in
436 3376 591 3440 servilem
617 3375 789 3439 modum”.

123 3496 255 3561 Omnia
286 3496 340 3559 hic
372 3495 572 3578 perturbant
601 3495 659 3576 qui
684 3502 761 3577 post
778 3507 974 3578 pertractus
997 3493 1050 3557 vel
1075 3502 1153 3575 post
1175 3495 1277 3558 inter·

72 3629 285 3701 rogatusque
318 3616 461 3679 verbum
495 3627 545 3679 est
578 3615 729 3678 inserunt
738 3643 745 3690 ;
783 3617 842 3679 sed
878 3615 924 3678 illi
960 3634 1096 3696 quoque
1128 3613 1276 3677 colorem

71 3738 307 3800 obscurarunt
348 3734 536 3809 Taciteum,
576 3735 632 3816 qui
671 3735 832 3797 maiorem
867 3743 945 3815 post
979 3741 1061 3795 esset
1092 3739 1276 3815 posuerunt

69 3853 349 3928 distinctionem,
374 3873 436 3936 pro
459 3874 527 3935 qua
550 3855 576 3915 si
601 3853 731 3936 virgula
755 3853 818 3915 erit
842 3852 963 3934 posita,
985 3851 1098 3912 denuo
1118 3850 1275 3913 Tacitum
1382 3911 1385 3914 .

69 3992 323 4057 agnoscemus;
353 3992 373 4034 a
401 3993 473 4036 cum
500 3984 695 4056 pertractus
718 3971 923 4034 sententiam
947 3969 1077 4032 orditur
1100 3957 1276 4050 tamquam

67 4096 121 4159 sic
165 4091 235 4155 lere
271 4111 346 4154 eam
381 4092 569 4155 clausurus:
602 4090 720 4154 servili
752 4091 910 4173 supplicio
940 4091 1080 4173 affectus
1111 4097 1172 4162 est,
1203 4089 1273 4163 sed,

67 4219 206 4296 sponte
237 4210 325 4273 illius
356 4210 485 4274 consilii
518 4211 706 4284 immemor,
738 4230 800 4292 pro
827 4228 869 4272 eo
892 4221 1058 4293 sumptum
1081 4209 1120 4271 de
1142 4229 1177 4270 eo
1200 4219 1274 4290 sup·
1332 4197 1334 4204 ’

61 4332 216 4418 plicitum
234 4330 256 4391 i.
270 4351 297 4392 s.
310 4349 353 4391 m.
374 4329 480 4411 ponit.
501 4329 621 4411 Neque
640 4338 700 4404 est,
720 4337 756 4392 ut
775 4331 905 4412 opinor,
922 4329 1043 4392 durum
1056 4323 1276 4390 ἀνωκόλουθονι

66 4471 149 4515 cum
171 4459 369 4532 pertractus
468 4459 634 4530 sumptum
657 4448 697 4510 de
719 4469 753 4511 eo
776 4448 973 4532 supplicium
