3258 5240
910 412 948 473 16

331 595 453 658 ceteris
476 593 583 657 multo
607 593 827 676 gravioribus,
851 612 936 674 quas
959 589 1125 673 praebent
1143 587 1332 671 sequentia,
1352 584 1535 667 negligere

331 714 422 789 licet,
453 733 577 795 nempe
608 713 701 795 quod
733 711 824 775 Nero
856 712 957 794 plane
988 708 1114 773 oblitus
1137 708 1274 791 fingitur
1297 725 1400 788 quarn
1424 703 1537 767 suerit

332 833 472 896 natandi
498 833 608 914 perita
632 839 750 894 mater.

378 952 428 1015 At
458 951 591 1014 accedit
622 949 699 1012 huic
732 949 907 1012 machinae
938 967 1073 1011 camera
1104 947 1227 1009 eodem
1256 953 1384 1010 structa
1411 943 1539 1018 modo,

334 1092 403 1154 quo
434 1071 657 1133 instrumenta
688 1069 810 1151 quibus
841 1087 931 1131 nunc
961 1067 1005 1130 ad
1038 1067 1147 1149 talpas
1179 1066 1362 1149 capiendas
1387 1072 1541 1127 utuntur

334 1189 512 1272 agricolae.

381 1309 450 1373 Ubi
481 1316 601 1373 neuter
628 1307 726 1371 dolus
749 1308 912 1382 succedit,
937 1307 1081 1390 remiges
1108 1307 1160 1387 ,in
1184 1305 1271 1368 latus
1295 1304 1457 1368 inclinare
1483 1313 1542 1366 at·

336 1449 402 1511 que
433 1429 480 1490 ita
511 1447 634 1490 navem
665 1424 903 1510 submergere’'
937 1427 1112 1489 conantur.
1139 1423 1284 1507 Quaeso,
1309 1423 1364 1486 hic
1388 1433 1541 1486 conatus

335 1551 362 1612 si
387 1555 548 1611 eventum
572 1545 755 1620 habuisset,
780 1546 862 1627 quid
882 1545 963 1627 ipsis
982 1553 1070 1608 esset
1090 1543 1217 1607 facturn
1238 1540 1441 1624 remigibus?
1463 1541 1539 1606 Sed

337 1668 401 1731 illis
432 1686 500 1729 non
532 1675 583 1729 est
619 1667 671 1745 ,in
703 1685 774 1728 rem
797 1665 943 1728 subitam
968 1662 1173 1727 consensus’'
1198 1671 1231 1725 et
1259 1661 1354 1742 „alii”
1380 1661 1540 1743 (quinam

339 1796 416 1851 sunt
440 1787 487 1848 illi
511 1787 569 1868 qui
589 1806 677 1849 nunc
698 1785 880 1868 remigibus
898 1786 1140 1868 opponunturi)
1161 1793 1280 1847 contra
1299 1783 1455 1846 tendunt.
1473 1781 1541 1847 Sic

340 1907 533 1988 Agrippina
552 1905 807 1986 Acerroniaque
827 1905 945 1968 leniori
966 1925 1045 1968 casu
1065 1906 1098 1967 in
1119 1901 1211 1967 mare
1228 1904 1403 1967 decidunt.
1425 1903 1542 1980 Haec,

341 2045 428 2107 quae
459 2044 495 2086 se
522 2023 749 2106 Agrippinam
773 2044 846 2085 esse
869 2022 1015 2098 simulat,
1040 2023 1209 2099 omnibus,
1233 2043 1320 2105 quae
1344 2021 1412 2085 fors
1434 2022 1543 2085 obtu-

341 2143 435 2218 lerat,
471 2141 548 2205 telis
582 2142 769 2205 conficitur.
807 2142 899 2224 Ergo
934 2143 1054 2205 conscii
1085 2154 1162 2206 sunt
1187 2145 1269 2225 fere
1299 2161 1416 2215 omnes,
1447 2161 1544 2223 quos

342 2262 438 2326 navis
468 2260 525 2325 illa
556 2261 659 2324 vehit.
685 2259 776 2342 Quid
801 2262 931 2324 verosi
956 2263 1064 2343 ipsam
1089 2261 1316 2344 Agrippinam
1340 2263 1388 2324 sic
1413 2270 1545 2324 nautae

341 2380 598 2454 interfecissent,
623 2400 703 2454 non,
728 2399 840 2442 errore
864 2380 967 2455 ducti,
992 2380 1226 2456 Acerroniam,
1251 2382 1389 2463 eiusque
1413 2400 1546 2462 corpus

343 2509 462 2584 postea
492 2507 581 2562 esset
612 2499 799 2574 inventum,
832 2498 969 2581 plenum
1001 2497 1199 2563 vulnerum?
1231 2499 1322 2561 Num
1355 2520 1431 2562 casu
1459 2518 1544 2562 cam

343 2619 480 2702 periisse
513 2617 605 2680 Nero
635 2617 791 2680 simulare
825 2615 1011 2699 potuisset?
1044 2618 1088 2681 Et
1115 2619 1142 2696 si
1167 2638 1296 2692 omnes,
1320 2627 1379 2680 aut
1402 2626 1544 2682 tantum

343 2758 411 2800 non
443 2757 572 2812 omnes,
599 2757 684 2819 quos
712 2737 807 2799 navis
831 2737 887 2816 illa
912 2736 1069 2812 vehebat,
1093 2738 1219 2801 conscii
1244 2746 1351 2812 erant,
1375 2757 1543 2819 quorsum

344 2877 462 2920 omnes
493 2855 569 2919 illae
602 2856 778 2918 machinae
811 2863 908 2918 tanto
938 2855 1081 2918 artificio
1108 2855 1340 2938 compositae?
1363 2855 1431 2920 Sed
1455 2855 1544 2919 nolo

347 2976 472 3038 diutius
491 2974 629 3037 haerere
649 2975 683 3037 in
699 2973 863 3049 hocloco,
877 2974 970 3037 cuius
994 2996 1080 3057 quae
1094 2985 1206 3039 essent
1220 2977 1395 3040 molestiae
1409 2977 1544 3039 dudum

348 3095 593 3158 demonstravit
617 3094 667 3157 vir
689 3103 818 3169 acutus,
842 3096 901 3157 sed
927 3095 984 3177 qui
1009 3104 1184 3178 praeterea
1208 3115 1310 3178 saepe
1331 3095 1466 3177 ingenio
1486 3105 1546 3157 est

347 3215 480 3276 abusus.
506 3214 544 3276 In
569 3213 776 3276 editionibus
799 3222 914 3277 tamen
937 3213 1047 3276 Taciti
1072 3215 1153 3278 nihil
1178 3235 1221 3278 ex
1245 3214 1310 3277 hoc
1333 3234 1457 3297 genere
1481 3234 1547 3276 an·

349 3334 459 3397 notari
482 3342 533 3396 est
557 3335 649 3416 quod
675 3334 843 3396 miremur.

394 3453 533 3516 Nullum
557 3461 607 3514 est
628 3454 776 3516 dirorum
798 3452 983 3517 facinorum
1003 3475 1120 3537 genus,
1142 3456 1184 3517 dc
1205 3475 1273 3536 quo
1294 3455 1327 3516 in
1348 3452 1547 3517 Annalibus

349 3573 557 3655 frequentius
591 3581 704 3635 narret
739 3572 877 3636 Tacitus
912 3594 1014 3655 quam
1049 3576 1092 3637 dc
1127 3574 1316 3637 veneficiis:
1352 3575 1400 3637 sic
1433 3574 1544 3637 voluit

346 3702 492 3774 tempus,
526 3693 569 3754 de
599 3711 667 3773 quo
698 3693 779 3773 agit,
809 3693 857 3754 sic
889 3693 993 3774 ipsius
1024 3693 1155 3756 indoles
1182 3702 1284 3776 atque
1310 3702 1439 3756 natura.
1472 3691 1541 3757 Sed

348 3813 493 3895 cognitis
523 3813 573 3887 iis,
597 3831 684 3893 quae
711 3812 814 3874 modo
838 3813 1066 3894 exposuimuS,
1091 3831 1201 3886 nemo,
1227 3821 1263 3874 ut
1288 3813 1419 3894 opinor,
1444 3813 1543 3874 mira-

349 3931 440 3993 bitur
475 3932 590 3994 omnia
624 3930 680 3993 illa
715 3930 943 3994 veneficorum
978 3931 1113 4006 scelera,
1144 3952 1232 4012 quae
1262 3932 1354 4014 apud
1385 3931 1544 3994 Tacitum

351 4050 453 4132 paulo
476 4049 579 4112 fusius
602 4049 845 4125 describantur,
871 4051 917 4112 ita
941 4051 1065 4113 narrari
1087 4059 1122 4114 ut
1143 4052 1190 4113 sic
1209 4072 1251 4114 ea
1270 4071 1343 4114 esse
1363 4052 1544 4114 commissa

350 4168 489 4230 credere
515 4187 583 4229 non
604 4167 780 4249 possimus.
801 4168 846 4230 Et
867 4189 984 4232 revera
1004 4189 1122 4233 omnes
1143 4169 1303 4234 Taciteae
1324 4171 1544 4245 narrationes,

351 4307 440 4368 quae
471 4286 536 4348 huc
564 4287 745 4368 pertinent,
769 4286 895 4368 aliquid
919 4286 1046 4349 habent
1070 4289 1163 4370 quod
1189 4309 1256 4351 non
1281 4309 1544 4370 concoquamus.

352 4405 425 4468 Aut
457 4405 620 4469 obscurae
650 4415 728 4468 sunt
759 4413 817 4468 aut
848 4406 1023 4482 eiusmodi,
1055 4416 1092 4471 ut
1124 4409 1247 4471 nostris
1271 4408 1369 4472 nobis
1393 4427 1479 4489 opus
1502 4409 1545 4470 sit
