3266 5238
901 432 960 497 13²

330 590 447 674 pululn
478 593 765 675 deprehendimus
796 615 899 676 quam
930 615 1008 657 curn
1039 593 1124 656 duos
1155 592 1342 658 Annalium
1372 593 1476 668 locos,
1505 615 1525 656 e

328 710 416 775 libro
441 712 490 775 XI
514 712 669 789 alterurn,
694 714 837 777 alterum
861 734 880 776 e
903 713 991 777 libro
1011 713 1091 788 XII,
1112 715 1206 788 inter,
1219 733 1255 776 se
1275 733 1524 796 comparamus.

374 833 435 896 XI.
476 850 502 895 1.
542 833 767 916 ,(Messalina)
804 834 978 898 Valerium
1013 833 1214 910 Asiaticum,
1249 834 1301 896 bis
1338 834 1523 909 consulem,

329 951 429 1015 fuisse
454 954 627 1033 quondam
651 953 842 1017 adulterum
866 954 937 1017 eius
961 954 1152 1037 (Poppaeae
1177 953 1336 1035 Sabinae)
1360 953 1523 1029 credidit;

329 1073 523 1154 pariterque
546 1073 654 1136 hortis
676 1074 819 1148 inhians,
844 1093 929 1155 quos
953 1072 1008 1137 ille
1032 1093 1052 1136 a
1075 1072 1219 1136 Lucullo
1239 1081 1381 1155 coeptos
1401 1073 1523 1155 insigni

330 1192 582 1274 magnificentia
594 1191 791 1267 extollebat,
805 1191 959 1256 Suillium
972 1191 1169 1255 accusandis
1178 1192 1328 1274 utrisque
1337 1189 1524 1253 immittit.’'

374 1311 452 1386 XII,
479 1325 530 1394 59.
558 1311 626 1391 ,At
650 1309 810 1374 Claudius
833 1311 1028 1373 saevissima
1052 1330 1208 1392 quaeque
1233 1329 1388 1392 promere
1408 1311 1524 1392 adige-

329 1432 428 1496 batur
459 1431 611 1494 eiusdem
643 1430 855 1514 Agrippinae
887 1431 1026 1505 artibus,
1055 1450 1142 1512 quae
1166 1429 1337 1494 Statilium
1361 1429 1522 1504 Taurum,

329 1551 452 1633 opibus
474 1550 647 1626 illustrem,
671 1550 780 1614 hortis
801 1551 871 1614 eius
893 1551 1027 1614 inhians
1051 1550 1215 1633 pervertit
1239 1559 1420 1613 accusante
1439 1549 1522 1613 Tar-

329 1671 438 1753 quitio
464 1669 612 1734 Prisco.’'

375 1789 527 1866 Pulcher,
558 1788 723 1872 profecto,
756 1790 918 1853 orationis
948 1789 1105 1853 flosculus
1135 1797 1188 1853 est
1218 1789 1300 1853 illud
1333 1789 1450 1872 ¹hortis
1473 1789 1523 1851 in-

328 1908 446 1984 hians’,
463 1908 667 1990 egregieque
678 1907 737 1970 illo
749 1909 944 1991 depingitur
956 1910 1175 1992 intemperies
1187 1909 1301 1972 uxoris
1312 1908 1522 1990 impotentis,

329 2049 417 2111 quac
446 2028 605 2111 cupidine
630 2047 774 2090 accensa
797 2028 948 2092 insontes
973 2029 1184 2110 perverterit.
1210 2023 1289 2102 Sed,
1314 2046 1522 2109 quamquam

328 2148 485 2210 lubenter
515 2147 668 2209 concedo
700 2146 858 2230 pulchros
882 2147 998 2210 hortos
1022 2167 1131 2209 exeo
1155 2167 1266 2209 rerum
1290 2167 1363 2209 esse
1386 2167 1522 2228 genere,

328 2287 412 2349 quas
442 2287 564 2331 avarae
593 2265 814 2348 crudelesque
839 2266 995 2329 mulieres
1019 2286 1100 2349 prae
1123 2267 1244 2329 ceteris
1268 2266 1393 2329 habere
1416 2274 1522 2347 atque

328 2388 415 2451 adeo
440 2407 501 2470 per
523 2407 691 2450 summurn
715 2386 824 2449 scelus
847 2386 1002 2449 obtinere
1027 2386 1187 2460 nitantur,
1207 2394 1333 2460 tamen,
1354 2387 1433 2467 quia
1451 2405 1521 2448 uon

329 2508 372 2570 de
391 2506 462 2569 sola
483 2506 664 2570 Messalina
684 2506 738 2569 vel
758 2505 961 2588 Agrippina,
977 2506 1037 2568 sed
1055 2506 1097 2568 de
1115 2517 1255 2587 utraque
1269 2504 1401 2569 Claudii
1413 2525 1520 2568 uxore

328 2624 419 2689 hisce
438 2625 549 2708 agitur
568 2624 661 2700 locis,
682 2623 764 2687 illud
784 2623 892 2688 hortis
910 2624 1044 2688 inhians
1065 2644 1106 2686 ne
1128 2643 1195 2686 non
1215 2632 1285 2686 tarn
1301 2625 1345 2686 ad
1362 2632 1521 2687 accurate

327 2765 398 2808 rem
430 2745 631 2808 tradendam
663 2763 764 2825 quam
796 2745 840 2807 ad
871 2743 1056 2824 legentium
1081 2744 1212 2806 animos
1235 2743 1284 2807 ira
1308 2751 1343 2806 et
1366 2744 1521 2826 indigna·

327 2862 420 2925 tione
444 2864 712 2926 commovendos
735 2863 916 2944 utrobique
940 2863 983 2925 sit
1007 2863 1156 2944 positum
1180 2868 1331 2925 metuere
1359 2862 1496 2944 incipio.

373 2981 448 3044 Hoc
470 2990 599 3045 certum
615 2989 666 3044 est
683 2980 856 3063 eleganter
874 2990 1030 3063 terseque
1043 2980 1277 3044 conformandi
1292 2981 1357 3044 loci
1369 2981 1520 3044 studium

326 3101 431 3164 semel
455 3121 496 3164 eo
519 3101 701 3165 adduxisse
725 3101 882 3165 Tacitum
907 3110 943 3164 ut
967 3102 1001 3163 in
1026 3101 1281 3164 considerandis
1304 3100 1412 3176 rebuS,
1433 3120 1520 3183 quas

326 3219 428 3304 paulo
453 3229 533 3284 ante
556 3230 759 3296 narraverat,
784 3229 939 3304 apertum
963 3221 1193 3284 committeret
1217 3241 1375 3284 errorem.

371 3340 415 3402 H.
439 3339 500 3414 IV,
526 3357 578 3421 33.
610 3338 726 3404 Civilis
757 3360 833 3402 curn
867 3349 962 3422 parte
993 3341 1167 3422 copiarum
1191 3339 1411 3422 improvisum
1436 3339 1519 3403 lacit

324 3459 490 3541 impetum
522 3460 555 3521 in
588 3459 739 3523 Voculae
763 3467 889 3536 castra;
915 3461 1051 3542 iamque
1075 3458 1122 3522 ibi
1146 3458 1297 3541 legiones
1320 3459 1410 3541 ipsas
1432 3467 1518 3522 ster-

323 3599 403 3643 nere
427 3579 593 3662 incipiunt
617 3598 694 3641 cum
717 3578 829 3642 subito
855 3578 988 3642 sortuna
1012 3598 1146 3660 pugnae
1170 3586 1335 3641 mutatur:

370 3699 586 3778 ,Vasconum
618 3696 726 3761 lectae
758 3717 778 3760 a
806 3697 915 3762 Galba
939 3698 1097 3761 cohortes
1120 3718 1159 3760 ac
1183 3707 1256 3761 tum
1279 3698 1408 3760 accitae
1432 3698 1517 3759 dum

322 3819 439 3881 castris
479 3819 721 3901 propinquant,
757 3819 873 3882 audito
909 3817 1147 3901 proeliantium
1182 3817 1329 3881 clamore
1364 3816 1517 3879 intentos

321 3936 428 3998 hostis
459 3957 479 3999 a
510 3946 608 4019 tergo
632 3937 799 4000 invadunt
822 3937 1046 4020 latioremque
1070 3956 1173 4019 quam
1198 3957 1260 4020 pro
1284 3956 1424 3999 numero
1448 3945 1517 4000 ter-

322 4075 432 4118 rorem
457 4053 594 4130 laciunt‚
617 4055 691 4152 aliis
714 4077 734 4119 a
760 4055 941 4132 Novaesio,
966 4056 1040 4119 aliis
1060 4076 1079 4118 a
1099 4056 1320 4137 Mogontiaco
1342 4057 1517 4120 universas

320 4175 436 4256 copias
459 4172 638 4236 advenisse
658 4175 884 4239 credentibus.
907 4176 939 4238 Is
959 4195 1051 4238 error
1072 4175 1235 4238 Romanis
1255 4175 1352 4238 addit
1371 4175 1516 4252 animos,

321 4302 355 4355 et
387 4293 468 4356 dum
500 4290 617 4354 alienis
641 4294 767 4357 viribus
791 4294 978 4370 confidunt,
1001 4314 1077 4357 suas
1101 4313 1269 4376 recepere.
1295 4295 1516 4358 Fortissimus

321 4411 463 4492 quisque
487 4429 506 4472 e
531 4410 676 4487 Batavis,
698 4423 863 4494 quantum
883 4417 1037 4498 peditum
1058 4421 1140 4488 erat,
1161 4415 1388 4478 trucidantur:
1409 4435 1518 4496 eques
