3266 5238
886 453 948 516 140

322 614 376 690 sit,
408 614 456 676 ita
487 613 603 689 videri,
636 634 715 678 nam
746 622 882 678 strenue
913 635 1052 698 operam
1084 616 1144 679 dat
1175 614 1314 678 Tacitus
1346 623 1382 678 ut
1408 615 1516 679 talem

323 733 422 796 nobis
445 732 618 796 Tiberium
643 734 757 798 animo
776 733 1006 798 informemus,
1027 733 1172 799 Strenue
1192 755 1331 818 operam
1352 736 1422 811 dat,
1442 737 1517 812 aio,

322 871 391 914 non
411 851 502 914 enim
522 853 730 935 imprudenti
751 853 883 929 Tacito,
905 873 981 917 cum
1002 854 1046 916 de
1059 855 1246 917 Domitiani
1259 855 1386 936 cogitat
1400 864 1518 938 tyran·

322 972 412 1047 nide‚
444 971 572 1034 Tiberii
605 972 815 1055 principatus
845 973 879 1035 in
911 981 1061 1036 mentem
1088 974 1199 1050 venit;
1224 973 1382 1037 omnibus
1407 975 1519 1038 modis

323 1092 456 1155 efficere
488 1093 603 1156 studet
634 1100 671 1155 ut
702 1091 748 1155 illi
772 1093 942 1176 principes
965 1113 1067 1174 quam
1092 1095 1239 1158 maxime
1264 1095 1351 1157 inter
1373 1115 1409 1157 se
1433 1093 1519 1158 fiant

322 1212 458 1276 similes.
487 1213 564 1296 lpse
590 1211 654 1275 hoc
679 1212 811 1275 disertis
835 1212 948 1276 verbis
971 1213 1122 1276 declarat
1144 1212 1189 1275 A.
1215 1212 1276 1288 IV,
1302 1229 1353 1294 32.
1379 1213 1417 1276 In
1441 1223 1518 1277 arto

321 1331 385 1395 sibi
417 1351 490 1394 esse
521 1341 556 1395 et
586 1331 766 1414 inglorium
797 1331 949 1395 laborem
981 1331 1046 1408 ait;
1076 1352 1144 1394 non
1176 1351 1276 1415 posse
1306 1352 1384 1396 suos
1411 1332 1517 1396 libros

321 1471 398 1515 cum
419 1471 536 1515 eorum
556 1451 745 1533 comparari
765 1449 923 1525 historiis,
944 1452 1000 1533 qui
1022 1452 1065 1515 de
1085 1449 1191 1514 libera
1208 1451 1404 1534 scripserint
1417 1472 1516 1534 repu-

322 1570 425 1634 blica:
462 1578 543 1634 tunc
578 1571 692 1634 omnia
724 1569 823 1634 luisse
856 1589 989 1651 magna,
1021 1569 1177 1652 gloriosa,
1210 1569 1360 1646 excelsa;
1392 1571 1517 1634 amissa

324 1689 482 1754 libertate
505 1690 563 1753 vix
586 1687 775 1773 quidquam
796 1710 869 1752 esse
892 1697 1006 1752 actum
1027 1690 1119 1772 quod
1141 1710 1209 1754 non
1230 1699 1419 1753 memoratu
1439 1691 1516 1754 leve

324 1811 431 1874 videri
462 1811 596 1875 debeat.
628 1810 728 1885 Tum,
761 1817 942 1893 postquam
973 1810 1006 1873 in
1036 1811 1227 1874 universum
1251 1811 1409 1894 exposuit
1433 1811 1516 1892 quid

323 1931 455 1993 intersit
479 1931 566 1993 inter
590 1929 755 2013 populare
778 1930 957 2012 imperium
981 1938 1015 1992 et
1036 1931 1133 1994 unius
1153 1929 1215 1993 viri
1236 1930 1517 2004 dominationem,

324 2051 372 2113 sic
396 2051 525 2133 pergit:

371 2169 497 2251 „Igitur
532 2176 568 2232 ut
598 2168 679 2232 olim
712 2167 812 2251 plebe
843 2168 965 2244 valida,
997 2169 1051 2232 vel
1083 2189 1160 2231 cum
1192 2177 1305 2252 patres
1337 2169 1517 2252 pollerent,

323 2289 495 2352 noscenda
512 2288 603 2370 vulgi
624 2297 754 2364 natura,
772 2297 806 2350 et
820 2288 942 2370 quibus
956 2290 1066 2353 modis
1078 2297 1309 2372 temperanter
1322 2289 1516 2365 haberetur,

321 2417 525 2491 senatusque
548 2417 583 2471 et
606 2409 822 2491 optimatium
847 2409 980 2491 ingenia
1005 2410 1063 2491 qui
1083 2409 1230 2472 maxime
1251 2409 1515 2492 perdidicerant,

321 2528 433 2592 callidi
456 2536 649 2611 temporum
670 2537 705 2591 et
725 2529 895 2610 sapientes
914 2527 1138 2604 habebantur,
1158 2530 1206 2591 sic
1225 2549 1390 2593 converso
1410 2538 1513 2603 statu,

322 2669 433 2732 neque
464 2650 529 2713 alia
559 2648 744 2732 republica,
769 2668 871 2729 quam
895 2648 922 2711 si
946 2669 1032 2711 unus
1055 2648 1238 2730 imperitet,
1262 2648 1341 2712 haec
1364 2649 1517 2730 conquiri

322 2769 476 2851 tradique
507 2770 541 2832 in
572 2789 642 2832 rem
664 2769 789 2852 suerit,
814 2769 892 2848 quia
910 2769 1014 2852 pauci
1029 2768 1214 2851 prudentia
1236 2767 1370 2832 honesta
1393 2767 1435 2830 ab
1457 2767 1512 2830 de·

321 2887 508 2962 tenoribus,
542 2887 639 2952 utilia
666 2887 707 2952 ab
731 2888 841 2951 noxiis
863 2889 1062 2964 discernunt,
1080 2887 1199 2973 plures
1222 2887 1367 2952 aliorum
1391 2888 1515 2952 eventu

320 3005 509 3070 docentur.''

367 3123 470 3189 Paulo
508 3125 702 3208 diligentius
737 3127 842 3190 verba
877 3135 996 3191 notata
1030 3126 1256 3208 inspiciamus,
1292 3126 1410 3208 quanti
1444 3126 1513 3188 siut

322 3244 485 3307 momenti
516 3245 560 3307 ad
590 3244 700 3308 Taciti
724 3246 901 3309 consilium
927 3245 1184 3328 intelligendum
1207 3245 1397 3328 apparebit.
1422 3244 1512 3308 Nam

321 3363 517 3427 Boissierius
541 3365 733 3447 nuperrime
758 3367 889 3448 (Revue
912 3367 946 3428 d.
971 3365 1062 3428 deux
1083 3365 1227 3428 Mondes
1252 3378 1286 3445 15
1311 3365 1402 3427 Mars
1429 3381 1513 3446 1902

322 3505 354 3566 p.
382 3484 457 3566 345)
480 3485 524 3547 de
548 3485 588 3547 iis
610 3487 777 3549 disserens
801 3506 869 3549 non
893 3487 974 3550 satis
993 3493 1150 3550 accurate
1170 3505 1285 3548 veram
1305 3503 1421 3548 eorum
1441 3485 1512 3547 vim

321 3603 514 3687 explorasse
539 3605 682 3668 videtur.

366 3723 438 3788 Nisi
469 3725 675 3788 adiectivum
707 3725 840 3790 honesta
871 3735 960 3788 esset
987 3724 1152 3799 additum,
1177 3730 1349 3804 utcunque
1372 3721 1512 3784 credere

321 3863 496 3926 possemus
527 3846 581 3908 hic
612 3847 647 3910 in
678 3847 868 3909 uniuersum
901 3845 1023 3908 mentis
1048 3844 1215 3907 humanae
1240 3841 1349 3904 notari
1374 3839 1512 3904 infirmi-

319 3968 437 4026 tatem.
464 3963 552 4027 Nam
572 3965 654 4045 quid
676 3965 824 4047 prudens
845 3965 898 4040 sit,
919 3965 1000 4047 quid
1022 3963 1170 4026 deterius
1191 3962 1222 4043 (i.
1242 3981 1271 4024 e.
1293 3959 1513 4043 imprudens),

319 4083 401 4164 quid
427 4082 519 4156 utile,
544 4083 625 4163 quid
651 4085 791 4146 noxium
814 4084 848 4146 in
872 4082 1048 4166 republica,
1075 4081 1254 4164 plerosque
1280 4078 1374 4161 sugit,
1394 4098 1514 4161 quarn-

320 4221 421 4283 quam
453 4221 588 4283 semper
618 4209 732 4265 tamen
764 4204 863 4286 pauci
895 4202 1051 4285 pluresve
1080 4199 1225 4275 fuerunt,
1250 4200 1307 4280 qui
1331 4199 1365 4261 in
1389 4195 1451 4260 hac
1476 4217 1513 4260 re

318 4321 439 4384 ceteris
464 4319 594 4382 civibus
618 4320 693 4403 plus
717 4322 887 4385 callerent.
913 4321 980 4386 Sed
1007 4321 1144 4404 quando
1163 4318 1290 4383 sactum
1312 4327 1363 4380 est
1383 4325 1420 4380 ut
1440 4316 1515 4399 plu·

319 4458 372 4500 res
403 4457 505 4519 quam
538 4438 606 4502 ullo
637 4440 703 4504 alio
727 4449 883 4524 tempore
907 4440 1005 4504 huius
1029 4439 1076 4502 rei
1100 4437 1195 4502 inscii
1219 4433 1353 4501 essenti
1379 4435 1513 4518 Nempe
