3258 5240
883 1497 945 1560 III.

364 1722 502 1785 Initium
532 1723 653 1786 saciam
677 1744 697 1786 a
721 1723 853 1787 duobus
871 1722 965 1797 locis
990 1724 1047 1804 qui
1072 1722 1162 1784 haud
1188 1721 1290 1784 dubie
1314 1741 1416 1803 quam
1440 1739 1513 1782 arc·

320 1841 448 1903 tissime
472 1840 656 1903 cohaerent
678 1861 756 1903 cum
778 1841 948 1904 sententia
971 1861 991 1904 a
1010 1840 1217 1903 Woelfflinio
1236 1847 1307 1902 tam
1326 1837 1517 1901 luculenter

320 1959 468 2021 defensa.
494 1959 685 2041 Utrobique
710 1960 800 2022 enim
825 1961 867 2022 dc
890 1981 926 2023 se
946 1959 1160 2023 historiarum
1179 1959 1345 2041 scriptore
1363 1957 1516 2040 loquitur

318 2077 468 2152 Tacitus,
492 2088 612 2160 estque
636 2079 721 2142 alter
744 2080 909 2142 eiusmodi
930 2088 967 2141 ut
981 2079 1225 2141 -dummodo
1245 2079 1414 2160 integrum
1435 2097 1514 2139 eum

319 2197 529 2260 vindicemus
549 2198 594 2260 ab
613 2197 721 2261 inutili
742 2199 891 2280 quodam
912 2199 1117 2261 emendandi
1130 2198 1308 2260 conamine
1321 2196 1513 2278 —egregie

320 2336 382 2378 nos
405 2319 527 2380 doceat
551 2317 707 2380 Tacitum
733 2339 800 2380 non
825 2319 935 2380 minus
958 2318 1046 2381 bene
1070 2338 1172 2400 quam
1197 2317 1355 2399 aequales
1380 2325 1513 2379 nostros

317 2436 460 2498 sensisse
492 2438 584 2518 quod
616 2445 704 2498 esset
736 2437 815 2500 boni
848 2437 997 2500 historici
1031 2438 1179 2500 officium
1203 2433 1234 2519 ¹),
1266 2436 1373 2499 altero
1404 2443 1513 2498 semet

318 2554 429 2635 ipsum
463 2554 590 2617 indicat
621 2563 656 2616 et
687 2556 806 2618 vitium
838 2557 1012 2636 quoddam
1045 2555 1222 2638 profitetur
1246 2557 1338 2638 quod
1358 2555 1510 2636 legentes

319 2672 507 2735 identidem
532 2673 565 2736 in
590 2682 733 2756 utroque
757 2694 860 2756 opere
885 2675 1078 2737 maiore-
1102 2675 1162 2737 sed
1186 2675 1319 2756 saepius
1340 2682 1455 2736 tamen
1475 2673 1509 2734 in

320 2789 511 2853 Annalibus
534 2829 578 2838 —
600 2793 825 2875 agnoscimus.

363 2908 407 2971 A.
429 2909 520 2972 Ann.
541 2911 636 2985 XIII,
659 2927 711 2974 20.
733 2911 916 2993 Postquam
933 2912 1081 2974 narravit
1095 2911 1277 2986 Neronem,
1291 2911 1512 2974 vehementer

320 3028 518 3091 exterritum
549 3028 648 3091 rebus
679 3049 766 3111 quac
797 3029 860 3091 sibi
893 3031 936 3092 de
968 3037 1075 3092 matre
1107 3039 1141 3092 et
1166 3028 1324 3093 Rubellio
1348 3050 1368 3092 a
1392 3030 1511 3092 Paride

320 3145 565 3222 nuntiarentur,
586 3167 654 3209 non
675 3145 784 3209 solum
806 3147 849 3209 de
869 3147 933 3209 illis
954 3148 1135 3229 perdendis
1155 3148 1322 3231 cogitasse
1337 3147 1512 3210 sedetiam

320 3267 363 3328 de
394 3265 499 3327 Burro
523 3264 734 3347 praefectura
758 3266 985 3341 demovendo,
1009 3275 1045 3328 ut
1069 3266 1127 3347 qui
1151 3267 1267 3329 matris
1290 3274 1379 3329 esset
1403 3266 1512 3348 gratia

320 3392 511 3466 provectus,
535 3385 582 3446 sic
607 3383 736 3466 pergit:

365 3502 512 3582 ,Fabius
552 3501 709 3565 Rusticus
740 3510 859 3566 auctor
890 3510 941 3567 est
972 3504 1117 3586 scriptos
1146 3524 1219 3567 esse
1250 3504 1294 3567 ad
1326 3503 1506 3567 Caecinam

320 3621 468 3684 Tuscum
492 3621 676 3696 codicillos
701 3622 863 3685 mandata
886 3623 916 3684 ei
941 3623 1186 3705 praetoriarum
1209 3621 1400 3684 cohortium
1421 3641 1510 3696 cura,

321 3741 381 3804 sed
416 3761 482 3823 ope
516 3738 666 3803 Senecae
698 3739 931 3821 dignationem
963 3741 1068 3803 Burro
1100 3750 1286 3805 retentam:
1319 3738 1445 3802 Plinius
1476 3747 1511 3802 et

321 3860 458 3924 Cluvius
489 3859 570 3923 nihil
594 3858 795 3922 dubitatum
812 3860 855 3921 de
879 3858 947 3921 fide
971 3859 1132 3941 praefecti
1157 3858 1306 3922 referunt
1319 3905 1415 3921 .....
1439 3857 1511 3921 Nos

321 3998 506 4042 consensum
541 3990 713 4042 auctorum
747 3981 901 4053 secuturi,
936 4001 1019 4062 quae
1049 3980 1183 4043 diversa
1209 3977 1424 4063 prodiderim
1451 3978 1510 4041 sub

322 4096 503 4160 nominibus
537 4098 685 4179 ipsorum
720 4097 923 4161 trademus”.
954 4097 1048 4160 Ante
1080 4110 1252 4162 auctorum
1285 4097 1511 4180 Nipperdeius

359 4351 385 4418 ι)
403 4352 444 4400 De
462 4353 583 4402 omuibus
601 4353 716 4418 antiquis
734 4353 857 4403 historiae
876 4353 1047 4418 scriptoribus
1062 4353 1147 4402 valere
1164 4353 1233 4403 idem
1249 4369 1335 4419 neque
1352 4367 1510 4419 quemquam

321 4438 409 4472 eorum
429 4439 511 4473 errare
529 4425 640 4474 voluisse
657 4424 756 4490 optime
774 4425 935 4474 demonstrat
952 4424 1066 4474 Bolssier
1081 4424 1119 4473 l.l.
