3258 5240
905 424 944 485 14

326 585 519 648 examinare
544 584 709 660 iubemus,
732 584 792 647 sed
817 585 898 666 quin
922 584 1061 647 omnino
1081 583 1169 646 bene
1190 582 1402 666 perspexerit
1421 580 1519 644 Taci-

326 713 380 768 tus
404 705 485 786 quid
510 714 599 768 esset
623 704 797 767 historiam
820 704 977 778 scribere,
1003 703 1159 766 dubitare
1183 702 1335 784 iniquum
1360 701 1413 764 sit.

371 825 409 887 B.
433 824 525 887 Ann.
551 825 612 898 ΙΙΙ,
635 843 664 905 3.
685 824 823 888 Cineres
844 824 1035 888 Germanici
1056 843 1132 886 cum
1155 823 1300 886 Romam
1320 821 1519 885 afferrentur

326 963 542 1006 communem
573 942 674 1005 fuisse
705 943 840 1023 civium,
873 943 1140 1025 magistratuum,
1172 951 1367 1005 senatorum
1390 941 1520 1005 luctum

327 1063 498 1146 praeclare
529 1063 668 1126 Tacitus
700 1063 852 1144 exponit,
884 1064 918 1125 in
949 1071 1113 1144 tantaque
1144 1063 1296 1125 omnium
1327 1061 1520 1125 mortalium

325 1181 463 1244 tristitia
494 1180 584 1263 vulgi
616 1180 717 1244 luisse
748 1200 930 1244 conversos
954 1179 1070 1244 oculos
1093 1181 1137 1243 ad
1161 1180 1353 1244 Germanici
1378 1201 1520 1243 uxorem

326 1301 528 1384 liberosque,
550 1301 593 1364 ad
615 1300 792 1364 Claudium
813 1299 963 1363 defuncti
984 1299 1122 1363 fratrem
1142 1320 1350 1382 germanum,
1371 1300 1414 1362 ad
1436 1301 1522 1362 Dru-

327 1441 401 1484 sum
432 1419 569 1484 fratrem
602 1421 813 1503 adoptivum,
845 1440 990 1500 quorum
1022 1419 1119 1483 dolor
1150 1419 1316 1502 fletusque
1345 1429 1417 1482 erat
1441 1439 1520 1482 con·

325 1542 471 1624 spicuus.
496 1541 535 1603 ln
559 1542 681 1604 eodem
707 1542 819 1622 capite
842 1550 877 1603 et
901 1540 984 1603 haec
1007 1539 1182 1622 leguntur:

373 1661 518 1724 Matrem
542 1660 731 1722 Antoniam
756 1679 824 1722 non
849 1660 939 1741 apud
963 1661 1145 1742 scriptores
1169 1680 1290 1734 rerum,
1311 1679 1379 1722 non
1400 1661 1520 1723 diurna

326 1791 479 1845 actorum
503 1779 668 1862 scriptura
692 1779 824 1860 reperio
847 1777 915 1840 ullo
939 1779 1060 1860 insigni
1085 1779 1196 1842 officio
1220 1778 1380 1841 functam.

373 1898 539 1962 Dicebam
575 1897 742 1971 Tacitum,
778 1916 964 1978 omnesque
999 1896 1108 1960 bonos
1143 1897 1320 1961 historicos
1352 1898 1520 1979 antiquos,

328 2020 420 2082 idem
437 2021 519 2101 sere
537 2025 710 2099 spectasse
731 2017 822 2098 quod
843 2016 1037 2091 hodiernos,
1058 2018 1181 2080 eodem
1197 2017 1395 2091 tetendisse,
1409 2017 1520 2080 eidem

329 2137 376 2200 rei
408 2137 542 2199 dedisse
573 2156 723 2218 operam.
753 2135 801 2199 Ut
825 2136 907 2217 quid
931 2135 1011 2199 olim
1036 2144 1169 2218 gestum
1193 2137 1235 2200 sit
1261 2156 1363 2218 quam
1387 2156 1522 2199 accura-

327 2258 455 2321 tissime
478 2257 674 2329 doceantur,
698 2274 802 2336 quam
825 2256 955 2337 optime
979 2254 1186 2337 perspiciant
1210 2256 1346 2336 posteri,
1372 2256 1438 2318 hoc
1458 2255 1520 2318 sibi

329 2375 457 2438 habent
481 2375 692 2457 propositum
717 2375 861 2456 utrique.
887 2375 935 2438 At
958 2374 1013 2438 hic
1038 2375 1252 2456 agnoscimus
1275 2375 1403 2457 aliquid
1429 2375 1520 2456 quod

329 2495 476 2576 antiquis
496 2494 663 2557 historicis
683 2514 786 2575 quam
807 2495 953 2557 maxime
974 2496 1068 2557 cordi
1089 2496 1141 2569 sit,
1156 2515 1232 2557 cum
1247 2494 1401 2557 hodierni
1416 2493 1522 2558 multo

329 2614 452 2676 rectius
482 2615 633 2676 sentiunt
664 2614 745 2676 illud
777 2633 797 2676 a
828 2634 863 2676 se
894 2615 966 2676 sine
998 2614 1066 2677 ullo
1097 2615 1209 2695 operis
1239 2615 1289 2677 sui
1314 2615 1520 2677 detrimento

328 2734 440 2797 omitti
473 2732 666 2815 negligique
697 2753 806 2815 posse.
839 2733 1029 2797 Historicus
1057 2734 1250 2808 hodiernus,
1274 2734 1300 2797 si
1326 2754 1408 2816 pure
1431 2744 1521 2797 terse

330 2854 507 2937 perspicue
537 2851 663 2927 scribit,
695 2853 722 2914 si
754 2872 806 2914 res
837 2861 917 2934 apte
944 2853 1105 2935 disponit,
1129 2855 1156 2915 si
1181 2855 1290 2917 oratio
1314 2854 1414 2916 rebus
1437 2874 1521 2935 quas

331 2979 444 3036 narrat
474 2980 525 3033 est
555 2972 824 3045 accommodata,
857 2971 949 3046 nihil,
983 2974 1075 3054 quod
1107 2974 1245 3055 quidem
1276 2975 1320 3037 ad
1344 2981 1521 3037 externam

330 3091 406 3155 libri
430 3091 578 3172 speciem
603 3091 760 3171 pertinet,
785 3089 872 3152 ultra
895 3093 1043 3172 quaerit:
1068 3093 1156 3169 iure;
1181 3102 1215 3155 et
1236 3101 1349 3176 potest
1370 3094 1417 3155 sic
1438 3113 1522 3174 quo·

331 3233 397 3294 que
420 3218 595 3292 tamquam
615 3208 737 3272 artifex
756 3208 895 3272 laudari.
916 3211 965 3273 At
985 3212 1143 3294 antiquus
1163 3213 1404 3276 historicus-
1424 3221 1457 3276 et
1478 3213 1523 3276 de

331 3328 423 3393 nullo
447 3330 553 3412 magis
578 3329 658 3391 illud
680 3328 770 3391 valet
791 3349 892 3410 quam
913 3331 956 3392 dc
976 3330 1096 3395 Tacito
1116 3333 1190 3414 ipso
1210 3369 1253 3378 —
1274 3333 1396 3394 eodem
1418 3334 1522 3395 modo

330 3451 482 3534 legentes
504 3452 637 3513 afficere
662 3449 787 3523 studet,
811 3469 880 3531 quo
903 3452 960 3532 qui
985 3473 1073 3514 nunc
1093 3452 1207 3514 fictam
1229 3461 1341 3515 narrat
1361 3451 1521 3526 fabulam,

331 3590 432 3653 quam
469 3569 719 3633 Romanensem
753 3589 928 3646 vocamus3
961 3591 1038 3633 cum
1068 3572 1187 3654 tragici
1218 3581 1291 3635 arte
1322 3571 1409 3635 illius
1439 3582 1522 3655 apte

330 3698 443 3774 potest
463 3689 607 3752 conferri
627 3690 786 3752 studium.
808 3689 853 3751 Et
866 3692 1154 3770 quemadmodum
1168 3691 1201 3753 in
1214 3693 1333 3774 quavis
1344 3693 1523 3774 tragoedia

331 3818 443 3873 certae
464 3817 541 3872 sunt
563 3828 737 3891 personae,
758 3809 881 3890 quibus
898 3819 1011 3891 partes
1023 3813 1191 3891 quaedam
1203 3820 1281 3873 sunt
1295 3812 1522 3887 mandandae,

330 3938 364 3992 et
388 3929 423 3990 in
446 3927 559 3991 sabula
584 3928 791 3990 Romanensi
815 3929 897 3990 certi
921 3929 1060 4010 quidam
1081 3950 1190 3993 rerum
1211 3940 1382 4013 gestarum
1403 3949 1522 4004 nexus,

331 4066 548 4129 nexuumque
571 4047 703 4110 illorum
727 4046 923 4122 solutiones,
947 4047 1069 4129 quibus
1092 4069 1193 4131 aegre
1216 4059 1329 4112 careat
1350 4051 1407 4132 qui
1429 4048 1523 4112 illam

331 4166 510 4248 pervolvit,
534 4167 581 4228 sic
605 4167 763 4248 antiquus
789 4166 977 4229 Historicus
1001 4186 1119 4230 omnes
1142 4176 1242 4230 notos
1265 4167 1368 4230 habet
1392 4166 1525 4230 loculos

331 4286 421 4348 unde
453 4293 548 4368 petat
578 4305 619 4348 ea
646 4285 769 4366 quibus
799 4286 951 4366 legentes
974 4284 1121 4348 delectet
1146 4286 1199 4349 vel
1222 4294 1386 4349 terrorem
1410 4287 1450 4348 iis
1473 4287 1525 4348 in·
1618 4369 1619 4376 ἵ

331 4405 447 4480 cutiat,
478 4404 532 4467 vel
564 4413 699 4466 moveat
732 4404 1007 4467 misericordiam.
1040 4405 1138 4467 Nunc
1170 4406 1197 4466 si
1227 4406 1280 4468 cui
1302 4406 1337 4468 in
1361 4404 1526 4467 historiae
1618 4455 1619 4484 ,
