3248 5230
880 450 942 517 292

315 613 421 697 Quae,
436 635 440 644 ·
454 614 605 687 obsecro,
639 621 690 674 est
721 613 785 676 ista
813 613 1003 695 oppositio:
1028 609 1166 674 Clodius
1189 607 1305 672 Celsus
1328 573 1507 684 άπηγέρευέ

315 736 374 798 sed
401 733 496 797 multi
520 731 723 810 κατεγέλωνέ
748 733 832 816 Quis
856 733 959 796 homo
984 731 1115 794 sobrius
1140 747 1288 811 unquam
1313 729 1360 791 sic
1385 737 1437 791 est
1460 728 1509 790 lo·

316 852 432 918 cutus?
454 854 499 916 Et
512 853 558 916 illi
573 852 668 917 multi
682 872 784 936 quem
796 854 936 916 tandem
950 847 1173 916 deridebant?
1195 845 1509 930 Nymphidiumne?

317 972 404 1039 Cur?
429 973 486 1036 An
511 975 603 1056 quod
628 973 799 1036 dubitaret
823 969 945 1035 etiam?
975 971 1021 1033 Et
1044 969 1205 1032 haeccine
1230 988 1330 1031 causa
1354 975 1426 1030 erat
1451 988 1511 1030 cur

244 1146 246 1154 ,
317 1095 456 1157 tandem
487 1113 523 1156 se
552 1093 793 1175 imperatorem
826 1089 1027 1174 proclamari
1059 1088 1289 1170 Nymphidius
1312 1084 1509 1169 pateretur?

318 1215 473 1278 Ancum
497 1213 695 1276 Mithridate
719 1212 823 1274 ceteri
847 1230 965 1274 omnes
989 1230 1092 1272 unum
1117 1207 1261 1272 Galbam
1285 1204 1511 1271 deridebant?

318 1332 387 1397 Sed
418 1333 464 1395 sic
497 1352 634 1414 quoque
664 1331 812 1413 aliquem
843 1329 942 1392 luisse
974 1329 1061 1392 illius
1084 1329 1168 1390 risus
1192 1326 1351 1389 effectum
1375 1325 1511 1390 disertis

319 1452 431 1515 verbis
461 1451 686 1533 significatum
711 1451 872 1533 oportuit.
904 1449 1059 1530 Denique
1084 1456 1121 1510 ut
1145 1447 1180 1509 et
1204 1446 1308 1508 verbo
1332 1443 1511 1524 άπκγέρευε

318 1572 409 1636 aliud
428 1572 569 1634 verbum
593 1571 799 1653 respondeat
822 1571 856 1632 et
876 1578 949 1632 tota
970 1568 1117 1630 narratio
1136 1567 1201 1630 sibi
1221 1575 1355 1629 constet
1376 1574 1410 1629 et
1430 1568 1513 1630 satis

318 1693 362 1755 sit
394 1693 580 1774 perspicua,
613 1709 699 1773 opus
737 1699 788 1753 est
819 1687 1001 1765 κατεγέλων
1033 1688 1122 1750 istud
1154 1686 1260 1749 verbo
1288 1686 1386 1749 alicui
1411 1687 1513 1749 cedat

320 1813 412 1894 quod
433 1813 615 1876 adhortari
634 1811 686 1874 vel
707 1811 847 1876 incitare
866 1809 1044 1891 significet,
1064 1809 1136 1870 sive
1156 1804 1325 1883 παρώρμων
1347 1804 1429 1868 illud
1450 1815 1514 1880 est,

320 1934 391 1996 sive
422 1931 560 2014 aliquod
592 1932 622 1994 ei
647 1949 887 2012 synonymum.
914 1929 970 1992 Ad
995 1928 1204 2009 subsequens
1228 1924 1431 1988 ἐπισκώπτων
1456 1927 1515 1989 ali·

322 2054 396 2134 quis
428 2059 652 2115 annotaverat
683 2051 883 2131 κασαγενῐσν,
915 2050 1029 2130 idque,
1061 2049 1094 2111 in
1127 2045 1308 2124 κατεγέλων
1334 2054 1514 2122 mutatum,

322 2174 403 2236 sede
427 2192 487 2234 sua
510 2171 641 2253 expulit
665 2171 806 2242 verbum
830 2169 1030 2252 legitimum.

367 2291 476 2354 Galba
500 2289 585 2353 XVI
618 2289 726 2353 Galba
754 2309 831 2351 cum
856 2287 1058 2351 Neronianis
1082 2286 1316 2370 largitionibus
1339 2286 1442 2350 finem
1468 2286 1515 2350 sa·
1549 2323 1553 2334 ·

322 2419 425 2486 ceret‚
456 2410 627 2472 interdum
659 2408 827 2472 nonnullis
856 2408 1012 2470 sordidus
1045 2408 1234 2470 videbatur.
1268 2406 1419 2470 Affertur
1448 2407 1514 2469 hoc

322 2529 528 2613 exemplum.
560 2529 644 2592 Cum
669 2528 789 2603 Canus,
815 2527 942 2590 tibicen
967 2527 1178 2603 clarissimus,
1203 2527 1338 2590 cenanti
1370 2527 1516 2608 impera·

322 2651 387 2713 tori
420 2649 607 2724 cecinisset,
639 2645 807 2716 ἐπαινέσας
837 2645 888 2708 καὶ
913 2643 1145 2720 ἀποδεξάμενος
1172 2645 1332 2708 ἐκέλευσεν
1358 2643 1441 2723 αὐτῷ
1465 2666 1515 2707 κο·

323 2770 469 2848 prolixus
492 2768 527 2830 τὸ
551 2765 789 2844 γλωσσόκομον·
815 2764 867 2828 καὶ
893 2763 1000 2842 λαβὼν
1026 2769 1159 2843 χρυσοῦς
1184 2787 1271 2834 τινας
1293 2763 1426 2828 ἐπέδωκε
1446 2763 1515 2828 κπέ.

325 2891 417 2953 Nota
449 2909 501 2952 res
532 2897 584 2951 est
616 2889 757 2950 verbum
788 2884 1000 2964 άποδέχεσθαν
1027 2886 1198 2969 probandi
1219 2886 1389 2948 interdum
1413 2905 1514 2948 sensu

325 3012 415 3093 poni,
447 3010 507 3072 sed
540 3005 706 3077 ἐπαινέσας
740 3005 792 3069 καὶ
824 3003 1057 3080 ἀποδεξάμενος
1089 3005 1187 3068 nimis
1211 3015 1261 3069 est
1285 3007 1456 3088 ingratum
1480 3014 1516 3068 et

324 3130 531 3211 languidum.
564 3129 690 3191 Totum
721 3129 810 3191 istud
841 3127 892 3188 xxi
927 3123 1159 3200 ἀποδεξάμενος
1186 3146 1204 3188 e
1229 3127 1379 3207 margine
1404 3127 1438 3187 in
1462 3145 1516 3188 su·

325 3249 491 3331 periorem
521 3255 635 3310 textus
665 3247 788 3310 lineam
812 3247 997 3310 aberravit:
1023 3254 1074 3308 est
1098 3245 1187 3308 eninr
1213 3244 1381 3327 participii
1404 3241 1514 3319 λαβών

324 3367 675 3448 interpretamentum.

368 3483 461 3548 Otho
482 3484 531 3547 Ill
564 3483 746 3550 Senatores
766 3486 855 3567 apud
878 3485 988 3567 ipsum
1010 3483 1196 3566 epulantes
1218 3501 1303 3565 quos
1314 3484 1357 3545 ad
1372 3483 1513 3546 exitium

321 3605 525 3689 praetoriani
558 3605 800 3687 exposcebant,
834 3603 926 3667 Otho
958 3603 1026 3666 καθ’
1058 3601 1164 3680 έτέρας
1192 3600 1284 3679 θύρας
1308 3600 1433 3678 alwine·
1460 3599 1511 3663 καὶ

320 3723 426 3801 μικρὸν
460 3721 599 3802 ἔφθασαν
632 3721 870 3800 ὑπεκφυγόντες
901 3723 952 3785 διά
976 3727 1034 3785 τῶν
1059 3720 1249 3800 μισθοφόρων
1276 3719 1445 3796 ὠθουμένων
1470 3719 1512 3788 εἰς

320 3844 371 3904 τὸν
396 3842 542 3918 ἀνδρῶνα.
567 3845 636 3906 Per
660 3845 751 3926 ipsos
775 3845 940 3906 irruentes
964 3863 1074 3924 neque
1096 3850 1254 3924 poterant
1274 3849 1447 3904 senatores
1466 3840 1512 3903 illi

322 3964 466 4026 evadere
492 3963 595 4044 (certe
620 3963 805 4026 admodum
831 3961 964 4024 difficile
985 3961 1067 4024 illud
1089 3962 1183 4042 erat),
1204 3981 1314 4042 neque
1336 3979 1421 4041 opus
1442 3967 1514 4021 erat

322 4081 454 4144 conari:
489 4081 668 4143 elabuntur
699 4083 790 4143 enim
821 4081 948 4144 foribus
980 4080 1183 4163 quibusdam
1217 4079 1270 4142 vel
1294 4080 1436 4142 sinistris
1459 4079 1512 4141 vel

322 4201 451 4263 dextris
487 4198 540 4261 vel
576 4199 722 4280 denique
758 4202 917 4276 adversis,
954 4221 1014 4282 per
1046 4219 1129 4280 quas
1160 4219 1218 4262 eos
1249 4199 1377 4263 dimisit
1409 4198 1512 4263 Oth0.

324 4320 478 4383 Naberus
510 4327 587 4400 post
618 4316 668 4379 διά
699 4321 863 4382 excidisse
889 4328 986 4402 putat
1010 4319 1147 4401 aliquod
1173 4339 1307 4394 nomen,
1333 4340 1402 4402 quo
1426 4318 1514 4382 fores

322 4438 549 4524 (principales)
586 4437 708 4502 luerint
727 4441 968 4524 significatae,
1001 4423 1161 4521 quoniam
1197 4438 1335 4502 Tacitus
1370 4439 1511 4504 habeat:
