3258 5240
921 423 939 469 2

329 607 443 652 nemo.
476 586 573 668 Quae
604 606 656 650 res
677 587 858 668 ¹quomodo
881 606 917 649 se
942 584 1098 648 habuerit
1123 584 1239 666 paucis
1263 603 1397 647 narrare
1421 583 1524 646 iuvat.

375 706 514 769 Tacitus
548 713 583 768 et
621 705 819 768 Plutarchus
853 705 887 766 in
924 703 1113 766 enarranda
1149 702 1278 766 Galbae
1310 701 1524 784 Othonisque

330 824 471 887 historia
500 822 669 905 permulta
698 822 828 886 habent
851 822 1055 896 communia,
1080 841 1148 884 non
1172 821 1281 883 solum
1306 822 1408 883 —id
1433 821 1525 902 quod
1612 859 1613 914 3

330 944 389 1005 vix
412 943 525 1005 dicere
550 961 698 1024 opus-
718 961 770 1004 res
790 942 957 1024 iactaque,
979 942 1038 1004 sed
1061 941 1164 1004 etiam
1183 960 1295 1002 rerum
1316 949 1525 1003 narratarum

329 1060 599 1142 dispositionem,
625 1061 787 1124 orationis
811 1059 948 1134 lumina,
973 1060 1160 1122 sententias
1186 1066 1221 1121 et
1244 1058 1326 1140 quid
1348 1055 1438 1121 noni
1460 1057 1526 1120 Hic
1612 1035 1613 1086 ff

329 1179 356 1242 si
381 1179 480 1241 nobis
502 1178 652 1241 licuisset
676 1199 808 1242 sumere
829 1178 863 1241 id
886 1179 980 1260 quod
1001 1185 1125 1260 sponte
1142 1197 1179 1240 se
1200 1176 1298 1240 offert
1319 1213 1362 1223 -
1383 1179 1528 1240 vitarum
1612 1189 1613 1234 ἐ

331 1298 533 1379 scriptorem
565 1318 609 1361 ex
639 1298 787 1360 historiis
818 1297 967 1360 hausisse
992 1333 1035 1344 —-
1060 1297 1269 1359 incommodi
1294 1295 1376 1359 nihil
1401 1295 1528 1358 suisset.

333 1415 383 1478 At
427 1417 462 1478 id
505 1417 616 1499 ipsum
658 1416 870 1479 severissima
911 1416 985 1497 lege
1029 1435 1161 1478 sumere
1197 1415 1407 1488 vetabamur,
1443 1423 1529 1496 qu'ae
1612 1409 1613 1412 '

334 1534 548 1615 gravissimas
583 1535 775 1598 minabatur
810 1553 955 1617 poenas:
992 1535 1055 1596 nisi
1091 1533 1184 1596 stulti
1215 1533 1398 1615 stolidique
1431 1541 1465 1595 et
1496 1533 1528 1596 in

335 1653 510 1735 republica
540 1654 714 1716 literarum
747 1652 899 1736 hospites
922 1653 990 1715 dici
1014 1651 1187 1726 vellemus,
1211 1672 1407 1735 persuasum
1432 1653 1530 1715 nobis

335 1792 408 1835 esse
448 1773 598 1836 debebat
632 1794 649 1834 e
682 1773 845 1835 communi
877 1771 971 1836 fonte
1006 1771 1154 1834 hausisse
1190 1770 1225 1834 et
1260 1770 1457 1834 historicum
1495 1770 1529 1832 et

344 1891 581 1974 biographum.

390 2009 443 2071 Ita
462 2010 506 2072 de
526 2008 695 2073 Plutarchi
713 2010 852 2092 quidem
869 2009 1025 2072 laudibus
1042 2008 1125 2071 nihil
1143 2007 1361 2072 demebatur:
1379 2009 1533 2090 quamvis

344 2128 435 2190 enim
460 2128 566 2191 multa
588 2129 761 2192 sumsisset
785 2129 829 2191 ab
851 2128 928 2203 ali0,
953 2148 1032 2190 suus
1056 2128 1086 2189 ei
1106 2128 1281 2209 perstabat
1300 2126 1425 2190 honor:
1446 2146 1533 2210 quae

343 2247 424 2312 alibi
460 2249 493 2312 in
528 2250 690 2312 continua
723 2249 836 2330 aliqua
871 2249 1010 2312 historia
1042 2249 1218 2311 invenerat
1248 2248 1292 2310 ad
1324 2247 1467 2311 Galbam
1500 2255 1533 2310 et

345 2366 519 2431 Othonem
544 2370 759 2451 pertinentia,
784 2388 825 2432 ea
847 2377 1010 2451 excerpta
1032 2369 1080 2430 sic
1104 2368 1300 2448 digesserat,
1324 2369 1372 2429 sic
1392 2369 1533 2430 adorna·

346 2494 451 2560 verat,
483 2486 530 2549 sic
563 2495 787 2569 proposuerat
817 2496 854 2550 ut
885 2488 992 2550 iustae
1016 2486 1201 2550 evaderent
1225 2486 1337 2562 Vitae,
1362 2487 1534 2569 eleganter

346 2605 570 2688 perscriptae:
590 2606 713 2669 artilex
733 2625 814 2687 ergo
834 2615 906 2669 erat
925 2606 1095 2688 putandus
1108 2605 1165 2687 qui
1180 2603 1324 2667 honesto
1336 2605 1533 2687 liberalique

344 2722 461 2788 labore
485 2724 699 2788 laudabiliter
722 2733 811 2787 esset
835 2725 1040 2807 perfunctus.

391 2842 442 2905 At
473 2843 596 2906 misero
627 2842 747 2906 Tacito
778 2842 861 2906 nihil
893 2843 1042 2906 restabat
1073 2843 1165 2924 quod
1198 2843 1371 2926 proprium
1395 2842 1535 2906 haberet

346 2937 522 3043 suumque.
545 2961 696 3025 Aliunde
720 2971 792 3025 erat
817 2972 988 3025 mutuatus
1012 2982 1089 3025 cum
1112 2963 1213 3025 rebus
1232 2962 1346 3037 verba,
1366 2982 1444 3025 cum
1464 2983 1535 3024 ver·

346 3081 398 3143 bis
427 3081 664 3156 elocutionem,
695 3101 772 3145 cum
796 3082 987 3145 elocutione
1012 3081 1139 3144 lumina
1164 3090 1198 3144 et
1221 3090 1431 3144 ornamenta.
1457 3081 1535 3144 Non

346 3198 469 3262 artilex
499 3209 572 3262 erat
602 3200 662 3262 sed
693 3202 876 3282 operarius,
909 3221 977 3263 non
1008 3201 1152 3283 scriptor
1182 3202 1242 3263 sed
1274 3201 1438 3276 librarius,
1468 3222 1535 3264 non

347 3317 433 3380 liber
455 3317 558 3381 homo
581 3319 641 3380 sed
665 3339 791 3382 servus.
817 3319 938 3400 Neque
962 3339 1122 3400 unquam,
1147 3321 1308 3401 quamdiu
1332 3321 1476 3402 scripsit,
1500 3339 1536 3382 se

347 3438 533 3500 vindicavit
557 3438 590 3500 in
615 3438 818 3501 libertatem.
844 3437 922 3500 Non
948 3439 1037 3501 enim
1059 3439 1092 3500 in
1114 3438 1272 3501 Historiis
1291 3439 1401 3502 solum
1422 3458 1536 3502 occur-

347 3564 425 3618 runt
459 3574 499 3619 ea
534 3575 621 3637 quae
657 3556 778 3618 Tacito
809 3557 1003 3620 communia
1034 3565 1112 3619 sunt
1144 3576 1221 3620 cum
1254 3557 1444 3634 Plutarch0,
1476 3559 1537 3621 sed

348 3675 452 3737 etiam
476 3673 509 3735 in
533 3673 651 3737 ultima
667 3685 767 3756 parte
784 3675 964 3738 Annalium
985 3676 1150 3738 eiusmodi
1170 3676 1297 3757 aliquid
1319 3677 1488 3740 invenitur
1504 3675 1537 3759 ¹).

350 3794 442 3874 Ergo
465 3793 509 3855 ab
533 3812 575 3855 eo
598 3792 677 3856 inde
701 3802 856 3876 tempore
880 3814 957 3858 cum
982 3796 1128 3877 primum
1151 3797 1301 3858 animum
1326 3798 1369 3859 ad
1390 3797 1538 3859 scriben-

348 3912 430 3975 dum
457 3910 598 3993 appulit,
623 3932 729 3994 usque
752 3913 796 3975 ad
821 3914 902 3976 illud
927 3933 995 3994 quo
1020 3913 1138 3994 ingens
1161 3933 1258 3976 suum
1282 3914 1428 3978 absolvit
1452 3935 1540 3996 opus

349 4030 540 4093 describere
565 4038 732 4111 poterat.
758 4078 766 4093 .
791 4079 798 4093 .
823 4032 923 4095 altius
947 4050 1014 4094 non
1038 4031 1203 4112 sapiebat.

394 4147 537 4224 „Crede,
557 4168 625 4211 non
646 4150 784 4231 quidem
803 4152 881 4232 quia
902 4150 1085 4213 absurdum
1105 4151 1165 4212 sed
1183 4152 1336 4230 quamvis
1348 4152 1410 4214 tibi
1423 4152 1541 4215 absur-

389 4403 414 4470 1)
433 4405 504 4452 Anu.
524 4402 583 4468 XV,
603 4411 636 4465 72
656 4403 715 4452 coll.
735 4419 793 4454 cum
813 4405 880 4454 Plut.
900 4403 977 4453 Gelb.
997 4417 1019 4452 c.
1039 4415 1064 4465 9.
