3248 5230
651 442 711 509 25¹

97 603 202 680 tavit”,
247 603 391 686 ,vidit’',
428 607 596 690 ,sensit”).
624 609 807 690 ,Equidem
839 607 1039 691 particulam
1069 629 1139 690 que,
1171 605 1277 669 verbo

97 723 179 802 quod
202 731 254 786 est
277 725 368 790 misit
386 725 638 802 adhaerentem,
662 728 846 791 deleverim
866 737 900 791 et
921 736 999 811 post
1011 726 1278 810 intellegerentur

98 842 283 906 inseruerim
307 856 403 909 rata:
428 845 476 908 sic
502 847 640 909 demum
664 867 775 910 sermo
800 847 958 910 Taciteus
982 845 1112 909 restitui
1133 845 1278 907 videtur.

134 1080 178 1142 A.
210 1081 306 1157 XIV,
338 1101 370 1165 9.
402 1083 435 1146 A
467 1085 730 1166 percussoribus,
754 1104 840 1166 quos
864 1083 956 1146 Nero
980 1081 1129 1157 immisit,
1154 1079 1279 1164 Agrip-

98 1200 169 1280 pina
191 1201 373 1266 occiditur:

139 1318 313 1398 ,Cremata
335 1329 388 1385 est
410 1330 512 1388 nocte
532 1325 662 1400 eadem,
685 1322 853 1388 convivali
872 1322 963 1386 lecto
980 1329 1015 1385 et
1034 1321 1186 1403 exequiis
1205 1319 1277 1383 vili·

98 1438 169 1515 bus:
194 1460 313 1522 neque,
333 1441 414 1504 dum
439 1441 531 1505 Nero
553 1463 664 1506 rerum
685 1444 891 1526 potiebatur,
912 1451 1074 1524 congesta
1094 1449 1153 1504 aut
1165 1440 1278 1503 clausa

98 1557 219 1622 humus.
257 1560 340 1624 Mox
376 1563 640 1626 domesticorum
676 1583 755 1626 cura
790 1562 899 1628 levem
936 1561 1103 1625 tumulum
1134 1560 1278 1642 accepit,

97 1678 182 1740 viam
203 1679 323 1742 Miseni
348 1690 488 1764 propter
512 1690 546 1745 et
569 1682 684 1746 villam
708 1682 861 1747 Caesaris
885 1678 1092 1746 dictatoris.”

135 1798 191 1863 Ad
219 1799 301 1864 illud
331 1802 422 1865 viam
451 1801 576 1866 Miseni
600 1814 743 1887 propter
764 1804 824 1865 viri
849 1803 942 1864 docti
967 1808 1151 1865 annotant:
1175 1800 1277 1863 litora

100 1913 267 1982 Calabriae
287 1919 402 1983 cantra
422 1921 495 2002 (III,
517 1921 543 2002 I)
565 1928 600 1983 et
616 1920 796 1984 cubiculum
812 1920 968 1985 Caesaris
979 1919 1075 1984 iuxta
1088 1918 1196 2001 (XIII,
1216 1919 1277 1998 15),

97 2035 150 2096 sed
167 2037 255 2100 viam
270 2037 394 2102 Miseni
412 2058 480 2103 non
493 2059 566 2102 esse
580 2038 674 2102 nihili
687 2039 895 2103 locutionem
908 2040 1032 2103 docere
1045 2038 1277 2120 neglexerunt.

99 2151 259 2234 Equidem
283 2164 398 2220 autem
428 2158 509 2221 illud
543 2179 611 2222 non
640 2178 830 2242 concoquo,
861 2160 921 2222 sed
953 2158 1124 2222 lenissima
1148 2177 1278 2240 repono

99 2275 347 2339 emendatione:
376 2277 518 2358 „Miseni
543 2278 635 2342 viam
659 2277 830 2362 propter'’,
854 2287 892 2342 ut
912 2277 1037 2342 Miseni
1047 2277 1089 2340 sit
1101 2277 1277 2340 locativus.

142 2512 181 2576 A.
213 2514 310 2591 XIV,
348 2533 395 2578 11.
426 2516 562 2584 Mortua
584 2515 777 2599 Agrippina
801 2516 893 2580 Nero
914 2515 1094 2598 epistolam
1118 2516 1161 2578 ad
1185 2533 1281 2576 sena-

99 2635 165 2694 tum
195 2634 310 2708 mittit,
336 2655 403 2716 qua
427 2654 546 2699 omnes
569 2635 640 2698 eius
664 2635 802 2698 insidias
826 2635 1094 2699 machinationes
1118 2635 1279 2716 importu-

98 2749 223 2827 nitates,
249 2773 334 2835 quas
357 2753 430 2837 ipse
454 2754 521 2817 iam
545 2755 703 2838 princeps
728 2764 888 2837 expertus
907 2756 960 2830 sit,
985 2762 1178 2818 enumerat:

144 2871 366 2955 ,Temporum
401 2893 538 2956 quoque
578 2873 842 2939 Claudianorum
880 2875 1018 2956 obliqua
1055 2874 1279 2938 insectatione

97 3000 208 3054 cuncta
228 2993 305 3054 eius
321 2993 563 3056 dominationis
583 2993 711 3080 flagitia
730 2996 764 3057 in
787 3003 930 3058 matrem
947 2994 1129 3069 transtulit,
1143 2992 1279 3076 publica

99 3106 224 3174 lortuna
242 3113 431 3175 extinctam
452 3112 608 3176 referens.
635 3114 792 3196 Namque
813 3122 849 3177 et
868 3114 1078 3197 naufragium
1103 3113 1279 3177 narrabat:

98 3231 181 3307 quod
196 3230 373 3294 fortuitum
385 3231 495 3309 fuisse,
505 3233 580 3314 quis
592 3233 680 3296 adeo
692 3233 797 3296 hebes
809 3234 1026 3310 inveniretur,
1036 3243 1073 3298 ut
1083 3235 1237 3298 crederet
1247 3232 1279 3296 ?”

142 3347 228 3412 Male
252 3351 339 3413 duae
360 3350 423 3413 hae
444 3351 633 3415 sententiae
657 3352 745 3415 inter
768 3373 804 3415 se
829 3354 1023 3429 cohaerent,
1047 3354 1165 3436 inepto
1190 3353 1281 3416 enim

99 3465 224 3531 vinculo
247 3469 382 3532 iunctae
403 3477 491 3533 sunt.
513 3469 571 3532 An
592 3469 677 3534 ullus
697 3472 752 3534 hic
771 3473 1001 3535 coniunctioni
1015 3469 1280 3554 namquelocusl

99 3579 169 3648 Non
192 3587 331 3670 opinor:
356 3608 466 3670 neque
491 3589 582 3652 enim
603 3589 689 3652 ratio
709 3590 763 3653 hic
784 3591 936 3653 redditur
949 3611 1059 3671 neque
1073 3591 1278 3672 praeteritio,

97 3721 177 3782 quae
207 3706 341 3780 dicitur,
365 3706 413 3769 fit.
438 3704 507 3770 Sed
532 3728 594 3790 pro
620 3729 759 3789 namque
781 3709 856 3789 lege
879 3710 1018 3791 iamque,
1044 3708 1178 3790 egregie
1203 3729 1278 3791 pro·

96 3824 187 3886 cedet
217 3826 337 3888 oratio.
370 3826 447 3889 Hoc
478 3827 569 3890 enirn
594 3826 662 3890 fere
686 3828 778 3890 dicet
801 3827 956 3906 Tacitus:
982 3829 1081 3909 ,quin
1106 3829 1209 3890 etiam
1234 3829 1277 3891 ad

97 3961 165 4005 eam
192 3955 241 4008 est
265 3965 462 4027 progressus
486 3948 731 4030 impudentiam
757 3956 793 4010 ut
817 3946 1026 4029 naufragium
1051 3947 1233 4011 narraret.”

137 4061 178 4124 A.
209 4063 305 4139 XIV,
331 4080 382 4128 20.
414 4063 500 4129 Cum
534 4066 626 4130 Nero
658 4067 755 4130 ludos
786 4067 1055 4158 qqinquennales
1087 4068 1279 4130 institueret

98 4197 183 4243 more
213 4182 354 4257 Graeco,
386 4183 606 4247 vehementer
637 4205 713 4249 eam
746 4207 817 4249 rem
841 4187 1082 4270 improbabant
1106 4187 1167 4249 viri
1193 4187 1277 4249 anti-

98 4299 228 4377 quitatis
251 4310 398 4364 tenaceS.
423 4302 548 4366 Totam
572 4325 643 4366 rem
668 4325 709 4366 eo
733 4316 887 4388 spectare
911 4307 1079 4370 affirmant
1101 4316 1155 4370 ut:

141 4422 248 4502 ,quod
284 4440 426 4502 usquam
463 4423 633 4508 corrumpi
668 4432 702 4485 et
738 4445 952 4509 corrumpere
983 4434 1096 4507 queat,
1129 4426 1162 4488 in
1194 4426 1276 4488 urbe
