3228 5236
879 408 940 474 170

315 570 408 650 quod
432 589 538 652 genus
562 570 737 633 hominum
761 591 896 654 semper
919 573 1067 654 optimus
1090 572 1234 652 quisque
1254 571 1411 653 princeps
1429 591 1507 652 gra·

315 688 459 750 vissimis
493 688 605 752 affecit
641 691 769 772 poenis.
806 690 851 753 Et
886 692 978 772 quod
1009 711 1097 764 eum,
1128 709 1333 772 quocunque
1361 691 1506 754 tandem

314 807 427 882 modu,
460 809 503 871 ad
535 808 781 872 consessionem
813 809 1051 892 compellebat,
1084 809 1165 872 nihil
1189 809 1245 874 ille
1269 810 1508 886 confitebatur,

315 927 407 1008 quod
440 947 556 990 verum
587 949 653 990 non
680 936 779 991 esset.
804 928 871 993 Sed
897 929 961 992 hoc
987 949 1075 992 nunc
1099 931 1210 992 mitto.
1236 930 1275 992 In
1299 931 1371 1012 ipsa
1394 930 1507 994 Taciti

317 1046 421 1109 verba
452 1047 570 1110 vitium
602 1048 773 1130 irrepsisse
805 1049 936 1130 opinor.
962 1047 1024 1111 Est
1047 1049 1137 1111 enim
1161 1048 1255 1111 locus
1278 1050 1442 1111 eiusmodi
1467 1058 1509 1112 ut

313 1176 552 1231 enumerentur
582 1176 809 1250 notenturque
841 1188 1063 1250 quaecunque
1091 1168 1211 1252 lecerit
1241 1169 1314 1252 ipse
1337 1167 1505 1243 Tiberius

313 1307 380 1349 non
413 1307 499 1368 quae
530 1286 595 1350 alii.
629 1287 719 1369 Ergo
751 1308 813 1370 pro
844 1287 989 1351 dabatur
1016 1287 1199 1369 legendum
1231 1307 1355 1351 censeo
1384 1287 1504 1351 dabat:

312 1415 382 1469 tam
402 1415 499 1470 erant
519 1406 656 1470 crebrae
677 1406 804 1470 Tiberii
825 1409 1028 1489 rogationes,
1050 1414 1087 1469 ut
1106 1407 1335 1490 respondendi
1354 1409 1504 1490 spatium

313 1546 370 1589 reo
398 1546 465 1588 non
489 1535 587 1589 esset.
612 1526 725 1589 Etiam
750 1535 890 1610 propter
912 1547 1058 1608 sequens
1081 1527 1293 1608 quaesivisset
1316 1527 1505 1590 necessaria

314 1646 447 1709 videtur
477 1654 591 1710 nostra
622 1645 826 1709 emendatio.
863 1645 1105 1709 Gravissimum
1137 1666 1218 1709 vero
1250 1645 1315 1708 hoc
1345 1647 1448 1728 quod,
1477 1647 1505 1708 si

313 1766 458 1831 dabatur
478 1766 651 1841 retinetur,
672 1766 792 1830 frustra
813 1766 888 1848 quis
906 1786 975 1848 quo
988 1767 1092 1829 modo
1105 1766 1197 1828 illam
1210 1764 1326 1829 Silano
1339 1766 1506 1829 ademerit

312 1885 507 1949 facultatem
528 1887 729 1967 quaerimus.
751 1886 951 1948 Formarum
973 1885 1090 1966 quales
1107 1895 1185 1948 sunt
1200 1887 1303 1950 dabat
1313 1895 1349 1948 et
1358 1885 1506 1948 dabatur

312 2014 477 2087 perpetua
508 2013 559 2067 est
590 2006 624 2067 in
655 2004 830 2067 codicibus
857 2004 1020 2067 conlusio.
1046 2005 1091 2068 Et
1115 2026 1157 2068 ne
1182 2005 1319 2068 dubites
1342 2006 1423 2086 quin
1448 2025 1506 2068 ne·

313 2126 457 2187 cessaria
488 2125 682 2187 emendatio
709 2125 770 2200 sit,
795 2127 908 2207 aspice
932 2144 1020 2205 quae
1043 2125 1209 2188 continuo
1230 2133 1432 2206 sequuntur:
1464 2146 1506 2188 ac

310 2264 412 2327 saepe
433 2245 536 2307 etiam
556 2245 787 2308 confitendum
808 2253 880 2308 erat
900 2265 942 2307 ne
962 2244 1084 2307 frustra
1103 2244 1353 2326 quaesivisset”:
1376 2245 1423 2325 „si
1436 2246 1504 2307 iam

309 2365 422 2446 aliqua
442 2364 595 2446 quaestio
617 2367 663 2428 ita
683 2385 703 2427 a
722 2364 860 2427 Tiberio
879 2363 1119 2427 enuntiabatur
1139 2373 1177 2426 ut
1188 2364 1348 2427 eludendi
1362 2363 1505 2427 facultas

311 2485 478 2566 quaedam
510 2492 607 2558 esset,
640 2485 688 2546 uti
712 2492 827 2546 tamen
851 2483 908 2546 illa
931 2504 1007 2546 reus
1030 2503 1102 2550 non
1123 2491 1268 2565 poterat,
1293 2484 1375 2564 quin
1398 2483 1501 2544 —id

311 2605 403 2685 quod
425 2605 571 2666 maxime
592 2603 768 2666 vitandum
788 2603 1029 2666 —ridiculum
1049 2604 1208 2666 redderet
1223 2603 1502 2684 interrogantem.

375 2843 419 2906 A.
445 2843 504 2918 IV,
530 2843 560 2905 6.
588 2843 716 2904 Primos
739 2841 867 2905 Tiberii
891 2862 998 2905 annos
1022 2849 1056 2905 et
1080 2840 1152 2904 aliis
1172 2840 1366 2904 nominibus
1384 2841 1505 2904 laudat

309 2963 448 3026 Tacitus
472 2971 506 3025 et
530 2961 593 3026 hoc
618 2962 731 3044 quod:

357 3083 565 3163 „Mandabat
608 3081 753 3144 honores
796 3081 1008 3144 nobilitatem
1052 3081 1228 3155 maiorum,
1264 3079 1504 3143 claritudinem

310 3201 457 3276 militiae,
498 3200 640 3264 illustres
672 3200 765 3262 domi
796 3208 886 3262 artes
917 3200 1116 3282 spectand0,
1153 3209 1189 3262 ut
1221 3201 1302 3263 satis
1330 3207 1505 3264 constaret

309 3341 377 3384 non
401 3320 484 3383 alios
508 3321 658 3402 potiores
681 3319 814 3383 luisse.”

355 3440 483 3505 Ultima
508 3460 575 3503 non
599 3438 766 3520 intelligo;
791 3438 1013 3520 intelligerem
1037 3438 1106 3501 vel:
1128 3450 1166 3503 ut
1182 3450 1303 3502 constet
1321 3486 1328 3500 .
1343 3486 1351 3500 .
1366 3487 1373 3500 .
1387 3440 1506 3521 fuisse

309 3561 362 3624 vel
394 3573 431 3624 ut
460 3571 625 3623 constaret
723 3579 798 3621 esse.
832 3555 922 3638 Quid
954 3559 1045 3621 enim
1069 3559 1116 3621 rei
1141 3556 1213 3620 est?
1237 3557 1440 3622 Coniunctio
1465 3572 1506 3623 ut
1602 3607 1603 3612 η

307 3679 363 3742 hic
395 3701 462 3743 non
493 3678 597 3742 habet
626 3679 694 3740 vim
721 3677 870 3741 Graecae
894 3673 953 3752 lua,
977 3678 1037 3739 sed
1063 3677 1153 3740 idem
1178 3677 1268 3739 valet
1292 3678 1385 3758 quod
1408 3671 1503 3740 ὥστε.

309 3797 388 3861 Non
410 3798 490 3861 licet
514 3797 624 3861 Taciti
649 3796 753 3860 verba
776 3797 824 3859 sic
848 3796 1062 3878 interpretari
1086 3805 1124 3858 ut
1148 3796 1202 3858 hic
1223 3797 1347 3858 evadat
1366 3815 1503 3859 sensus:

311 3917 394 3996 ,hoc
425 3917 581 3980 Tiberius
613 3917 790 4000 spectabat
823 3924 860 3979 ut
887 3915 1045 3998 aequales
1068 3916 1192 3978 scirent
1217 3914 1327 3977 nullos
1350 3915 1506 3997 potiores

307 4037 416 4113 fuisse,
449 4037 571 4119 quibus
602 4037 748 4100 honores
780 4035 989 4110 mandaret”;
1019 4036 1146 4098 namsi
1172 4035 1247 4116 quis
1271 4035 1318 4096 ita
1341 4042 1504 4108 verteret,

306 4178 373 4222 uno
404 4156 572 4221 vocabulo
602 4159 685 4220 satis
715 4177 792 4219 eum
823 4155 921 4219 facile
952 4156 1072 4219 erroris
1103 4156 1390 4217 convinceremus.
1424 4153 1505 4217 Hoc

307 4279 398 4341 enim
419 4295 496 4338 cum
516 4274 685 4338 addiderit
705 4274 852 4350 Tacitus,
875 4275 1000 4338 diserte
1021 4274 1171 4338 declarat
1191 4292 1227 4335 se
1242 4293 1337 4336 suam
1351 4272 1504 4355 prolerre

307 4396 514 4478 opinionem,
538 4395 582 4457 ad
606 4413 707 4475 quam
729 4403 806 4476 post
825 4394 973 4476 aliquam
994 4394 1275 4458 deliberationem
1296 4393 1503 4475 pervenerit.
