3228 5236
688 457 743 519 181

121 631 352 695 Credamusne
373 653 522 714 unquam
542 633 699 696 Tacitum
720 636 752 696 in
773 635 1013 716 componendo
1026 634 1308 716 disponendoque

117 759 189 814 tam
210 750 311 814 fuisse
331 751 385 814 vel
407 751 637 834 negligentem
651 753 705 815 vel
718 752 908 816 infelicem?
924 754 1094 835 Equidem
1108 753 1309 817 crediderim

117 871 230 952 potius
255 890 333 932 eum
356 871 452 933 alteri
476 871 684 934 adolescenti
709 872 752 934 de
776 893 837 936 suo
862 873 1044 936 adfinxisse
1067 894 1187 949 mores,
1214 874 1309 936 dum·

118 989 222 1052 modo
258 989 305 1050 sic
341 991 592 1053 nancisceretur
627 1011 714 1073 quae
750 1000 841 1054 recte
877 991 1118 1074 eleganterque
1155 993 1241 1055 inter
1273 1014 1309 1056 se

117 1117 382 1192 opponerentur,
408 1129 511 1190 quam
535 1110 570 1172 in
594 1109 683 1173 hunc
708 1111 864 1174 incidisse
888 1111 1031 1174 vitiosae
1056 1111 1217 1174 orationis
1236 1133 1308 1175 sco·

116 1228 244 1309 pulum.
270 1228 361 1310 Ergo
380 1236 514 1291 tantum
533 1229 629 1292 abest
648 1239 684 1292 ut
702 1249 779 1292 cum
799 1231 1009 1312 Nipperdeio
1015 1231 1095 1311 plur
1108 1252 1169 1313 pro
1180 1233 1310 1313 saepius

117 1348 353 1429 reponendum
377 1368 545 1423 censeam,
569 1357 606 1410 ut
630 1351 835 1412 contrarium
860 1359 1067 1432 exspectem.
1094 1350 1171 1412 Non
1193 1358 1307 1413 tamen

120 1468 241 1530 rarius
272 1467 324 1530 vel
354 1467 520 1530 eiusmodi
549 1467 676 1549 aliquid
701 1488 763 1550 pro
787 1469 918 1549 saepius
939 1469 1121 1550 legendum
1146 1468 1307 1545 coniicio;

119 1587 248 1649 leniore
282 1587 450 1650 medicina
473 1589 604 1650 restitui
629 1608 728 1669 posse
752 1589 884 1671 opinor,
909 1589 1001 1670 quod
1026 1588 1070 1650 ab
1094 1590 1186 1651 omni
1212 1598 1307 1670 parte

118 1707 344 1788 probandum,
369 1708 559 1789 Tacitoque
582 1709 816 1789 dignissimum
840 1708 893 1770 sit.
915 1707 1092 1771 Vocabula
1112 1709 1202 1770 enim
1216 1709 1307 1790 faci·

116 1821 210 1890 litate
242 1834 277 1888 et
308 1827 476 1890 industria
507 1828 624 1890 sedem
652 1827 740 1889 inter
762 1847 798 1890 se
824 1836 954 1890 mutare
979 1826 1096 1889 iubeo:
1125 1827 1307 1906 ,industria

115 1947 252 2028 saepius
272 1966 375 2027 quam
396 1946 556 2009 facilitate
577 1946 914 2010 commendabatur.’'
935 1945 1011 2010 Hoc
1032 1956 1083 2008 est
1104 1947 1195 2028 quod
1209 1947 1308 2008 unice

116 2065 149 2127 in
183 2064 273 2127 hunc
304 2063 416 2128 locum
448 2067 647 2128 conveniat:
679 2066 764 2129 alter
797 2065 851 2128 ille
884 2085 952 2127 non
977 2075 1050 2128 erat
1074 2066 1212 2147 quidem
1237 2073 1307 2128 tam

116 2184 290 2266 eleganter
311 2185 482 2260 educatus,
504 2193 663 2248 nontam
685 2185 786 2261 mitis,
810 2185 903 2260 leniS,
926 2186 1072 2248 urbanus
1092 2194 1181 2261 erat;
1202 2186 1307 2249 immo

115 2323 198 2366 vero
210 2302 428 2386 simplicitate
441 2324 500 2366 sua
513 2303 647 2385 plebeia
660 2304 847 2367 identidem
858 2304 1022 2386 peccabat
1032 2304 1309 2387 offendebatque3

117 2425 177 2486 sed
198 2423 280 2486 illud
301 2424 420 2487 vitium
441 2425 616 2499 industria,
635 2445 737 2507 saepe
759 2425 912 2508 probata,
935 2424 1031 2487 facile
1052 2426 1306 2508 compensabat.

118 2543 218 2606 Nunc
243 2550 334 2605 recte
359 2544 473 2606 omnia
497 2544 662 2625 disposita
685 2552 720 2606 et
744 2545 832 2607 inter
855 2564 890 2606 se
915 2545 1073 2627 opposita
1096 2553 1183 2607 sunt.
1210 2545 1306 2608 Prae·

116 2671 211 2726 terea
229 2683 318 2726 nunc
337 2664 483 2744 denique
495 2664 625 2743 saepius
637 2684 704 2726 non
718 2663 826 2725 solum
840 2663 916 2726 ferri
930 2672 1053 2745 potest,
1066 2665 1125 2726 sed
1140 2664 1305 2746 quidquid

117 2801 179 2864 pro
203 2801 245 2844 eo
269 2782 467 2863 reposueris,
493 2790 604 2844 totum
628 2781 740 2844 locum
767 2782 965 2864 corruperis.

162 2958 205 3020 A.
239 2959 299 3032 VI,
337 2957 385 3021 16.
421 2957 635 3023 Creditorum
666 2959 826 3022 avaritiae
859 2968 892 3022 et
916 2959 1106 3023 crudelitati
1132 2961 1305 3042 quomodo

116 3078 256 3140 obviam
280 3078 355 3140 ierit
379 3078 535 3141 Tiberius
559 3087 761 3154 narraturus,
786 3079 834 3140 sic
858 3079 996 3142 Tacitus
1020 3079 1156 3161 incipit:

165 3196 274 3278 ,Sane
299 3206 395 3260 vetus
419 3197 492 3259 urbi
517 3196 675 3259 faenebre
697 3197 822 3260 malum
843 3206 877 3260 et
898 3199 1103 3261 seditionum
1124 3201 1306 3262 discordia·

116 3337 258 3399 rumque
279 3316 482 3379 creberrima
502 3335 612 3390 causa,
633 3335 742 3398 eoque
762 3316 985 3381 cohibebatur
1005 3320 1153 3401 antiquis
1170 3340 1306 3402 quoque

117 3444 152 3498 et
177 3437 288 3499 minus
312 3435 479 3516 corruptis
503 3434 685 3497 moribus.'’

163 3556 210 3620 Ut
243 3556 364 3638 aliquis
396 3539 447 3617 liis
477 3555 557 3617 insit
587 3575 712 3630 sensus,
745 3556 961 3632 cohibebatur,
994 3557 1029 3620 id
1062 3559 1153 3638 quod
1187 3567 1305 3621 vetant

114 3677 281 3739 sermonis
311 3675 412 3757 leges
447 3675 493 3738 ita
516 3683 568 3736 est
591 3675 827 3756 accipiendum
852 3683 887 3736 ut
912 3696 973 3757 pro
998 3676 1206 3739 cohibendum
1230 3689 1306 3740 erat

112 3797 158 3859 sit
188 3796 347 3878 positum,
379 3803 414 3858 et
445 3814 487 3857 ne
519 3796 566 3856 sic
597 3795 735 3876 quidem
766 3793 935 3856 sententia
962 3795 1109 3856 nascitur
1132 3793 1305 3877 eleganter

115 3917 310 3996 diserteque
345 3914 530 3978 enuntiata.
575 3913 672 3976 Hanc
709 3911 858 3986 habebis,
895 3913 921 3974 si
958 3933 1019 3994 pro
1053 3935 1149 3995 eoque
1184 3914 1304 3996 legeris

113 4055 276 4117 aegreque
295 4033 348 4096 vel
368 4032 458 4096 aliud
480 4032 679 4095 adverbium
700 4032 733 4093 in
755 4031 898 4093 eandem
919 4033 1139 4096 sententiam:
1155 4034 1305 4098 moribus

113 4174 253 4237 quoque
282 4154 430 4235 antiquis
455 4152 595 4214 arduum
622 4158 693 4212 erat
718 4150 892 4231 negotium
918 4150 1063 4213 foenoris
1087 4153 1303 4215 incommoda

115 4292 284 4349 coercere,
308 4281 379 4336 tam
403 4273 629 4335 inveteratum
654 4268 735 4333 illud
761 4270 885 4332 malum
911 4279 992 4333 erat.

161 4453 204 4515 A.
224 4453 285 4528 Vl,
310 4455 357 4516 18.
381 4451 513 4532 ,Etiam
527 4453 560 4513 in
575 4451 772 4533 Pompeiam
787 4450 971 4514 Macrinam
985 4449 1122 4512 exilium
1135 4453 1303 4528 statuitur,
