3266 5238
909 430 953 492 60

338 611 459 694 spicari
492 611 656 694 potuisset
687 609 851 691 permissu
883 610 1016 671 iussuve
1044 605 1175 670 Claudii
1200 625 1341 668 uxorem
1365 624 1459 667 suam
1482 605 1527 666 ad

337 739 482 794 mortem
503 727 724 811 compulsam,
745 729 848 792 homo
869 729 1012 811 pavidus
1025 729 1234 811 ignavusque
1252 744 1399 806 „poenas
1411 723 1530 787 dedit”

338 850 391 913 vel
415 849 542 931 aliquid
568 848 733 912 eiusmodi
757 848 997 931 respondisset.

382 969 426 1033 A.
453 969 513 1043 XI,
537 988 569 1052 9.
594 969 659 1051 (De
689 968 889 1031 Parthorum
915 967 1057 1050 imperio
1082 973 1254 1028 certamen
1279 972 1330 1027 est
1353 963 1440 1026 inter
1464 963 1532 1027 Go-

338 1097 476 1164 tarzem,
512 1108 627 1170 regem
663 1087 942 1161 crudelissimum,
973 1094 1008 1148 et
1041 1085 1248 1159 Vardanem,
1280 1082 1417 1157 fratrem
1450 1085 1532 1158 eiuS,

339 1229 442 1291 quem
474 1209 537 1290 ipsi
570 1207 683 1270 Parthi
715 1215 833 1268 contra
865 1226 942 1268 eum
969 1205 1132 1278 accivere,
1156 1203 1292 1285 iamque
1316 1202 1431 1284 copias
1455 1222 1532 1264 suas

340 1338 481 1409 uterque
506 1329 539 1391 in
564 1347 723 1409 campum
747 1326 966 1407 eduxerunt):

388 1447 456 1511 ‚At
486 1446 599 1511 Parthi
623 1447 846 1528 imperatores
869 1463 947 1507 cum
971 1461 1120 1524 pugnam
1145 1449 1313 1523 pararent,
1339 1440 1457 1503 foedus
1480 1461 1533 1502 re-

339 1577 442 1651 pente
482 1569 609 1631 iaciunt
647 1567 792 1649 cognitis
826 1564 1039 1648 popularium
1075 1563 1213 1638 insidiis,
1250 1580 1334 1643 quas
1369 1559 1533 1624 Gotarzes

341 1687 433 1751 fratri
459 1686 653 1769 patefecit’'.

387 1807 452 1870 Pro
483 1808 609 1870 iaciunt
638 1805 800 1888 Agricola
832 1803 1008 1887 proposuit
1040 1804 1150 1877 iciant,
1176 1802 1312 1884 Lipsius
1327 1803 1475 1884 faciunt,
1499 1809 1535 1863 et

313 2009 315 2014 Ι
342 1928 485 1991 alterum
512 1926 656 2002 abhoc,
681 1926 823 1989 alterum
849 1925 892 1987 ab
916 1923 973 1986 illo
997 1923 1128 1986 editore
1153 1923 1324 2003 recipitur.
1350 1921 1395 1984 Et
1418 1931 1534 1985 tamen

343 2047 481 2110 minime
511 2046 724 2110 sollicitanda
752 2046 806 2108 hic
830 2053 901 2107 erat
925 2043 1027 2106 lectio
1051 2043 1193 2106 tradita:
1219 2043 1318 2104 unice
1341 2040 1431 2104 enim
1455 2059 1536 2103 vera

342 2187 383 2229 ea
418 2174 479 2241 est,
515 2167 730 2229 coniecturae
764 2172 880 2226 autem
916 2163 1000 2225 istae
1035 2163 1139 2225 iciant
1171 2169 1206 2223 et
1233 2162 1373 2243 faciunt
1402 2159 1536 2222 ridiculi

342 2284 470 2347 habent
501 2284 639 2366 aliquid.
671 2282 762 2366 Quid
786 2280 899 2346 enim?
922 2280 1022 2345 Stant
1046 2281 1154 2362 parati
1179 2280 1222 2342 ad
1248 2299 1396 2362 pugnam
1499 2287 1536 2341 et

341 2404 455 2467 subito
479 2405 604 2486 foedus
627 2404 760 2478 iaciunt,
785 2403 805 2464 i.
819 2422 848 2464 e.
873 2400 1019 2464 foederis
1042 2399 1187 2463 faciendi
1212 2399 1365 2462 iniiciunt
1390 2399 1536 2460 mentio·

342 2544 431 2586 nem.
457 2523 579 2586 Nonne
604 2522 668 2584 hoc
693 2521 883 2597 verisimile,
909 2540 1022 2582 nonne
1045 2529 1079 2582 et
1103 2539 1155 2581 res
1178 2527 1213 2581 et
1237 2518 1342 2581 verba
1365 2519 1428 2600 ipsi
1453 2537 1535 2580 con·

341 2643 483 2705 veniunt
507 2639 667 2704 naturae?
688 2639 800 2704 Subito
819 2641 862 2702 de
883 2639 1020 2702 loedere
1039 2640 1173 2703 iniicere
1190 2659 1370 2701 sermonem
1391 2645 1537 2720 possunt

342 2763 444 2824 etiam
476 2761 533 2843 qui
564 2761 701 2824 iamiam
728 2760 915 2822 conserturi
943 2779 1062 2822 manus
1085 2767 1178 2834 sunt;
1203 2766 1238 2821 at
1262 2758 1390 2820 nullum
1414 2757 1537 2819 foedus

342 2893 471 2964 repente
492 2881 554 2965 fit:
585 2880 630 2942 ad
661 2899 737 2942 eam
767 2899 838 2941 rem
866 2880 1071 2941 cerimoniae
1094 2887 1172 2941 sunt
1197 2880 1421 2961 peragendae,
1446 2897 1536 2959 quae

341 3020 418 3063 suas
447 3000 510 3062 sibi
542 2999 686 3062 afferunt
715 3019 841 3074 moras;
875 2998 1024 3061 festinari
1056 3017 1229 3080 nunquam
1261 2997 1380 3060 foedus
1410 3005 1535 3079 potest,

341 3122 400 3184 sed
435 3121 572 3183 minime
604 3129 685 3182 tunc
717 3120 808 3202 apud
834 3119 975 3182 Parthos
1001 3120 1112 3201 potuit
1136 3119 1220 3194 illos,
1245 3119 1321 3200 qui:
1350 3120 1539 3201 ,congressi

337 3243 450 3324 primo
468 3251 669 3314 cunctanter,
689 3241 767 3302 dein
788 3239 959 3321 complexi
979 3240 1127 3315 dextras,
1148 3239 1238 3322 apud
1260 3237 1389 3302 altaria
1401 3239 1497 3302 deum
1514 3237 1537 3320 ¹)

342 3359 524 3444 pepigere''
549 3381 578 3422 e.
593 3380 625 3441 q.
639 3379 664 3422 s.

387 3479 432 3542 A.
458 3479 536 3554 XV,
559 3481 614 3558 48.
639 3480 692 3542 De
717 3480 838 3542 Pisone
862 3489 896 3542 et
919 3478 985 3542 alia
1008 3487 1043 3541 et
1067 3479 1151 3541 haec
1174 3487 1369 3540 narrantur:

389 3598 508 3661 Procul
527 3599 675 3680 gravitas
695 3618 826 3661 morum
847 3607 906 3660 aut
926 3598 1139 3680 voluptatum
1162 3597 1381 3679 parsimonia,
1402 3595 1538 3660 lenitati

342 3739 382 3781 ac
408 3716 678 3800 magnificentiae
702 3726 736 3781 et
760 3717 942 3800 aliquando
967 3716 1046 3780 luxu
1072 3716 1282 3799 indulgebat.

390 3837 454 3900 Pro
473 3835 601 3901 lenitati
620 3838 796 3900 Ernestius
816 3837 962 3900 coniecit
982 3837 1119 3911 levitati,
1139 3855 1284 3917 eamque
1303 3835 1537 3897 coniecturam

344 3955 467 4038 probat
491 3955 673 4018 Furneaux
692 3955 756 4019 hoc
776 3965 977 4039 argumento
999 3956 1091 4037 quod
1112 3954 1233 4017 lenitas
1252 3955 1371 4018 vitium
1392 3953 1539 4015 nonsit.

344 4074 393 4137 At
425 4095 467 4136 ne
498 4075 743 4158 magnificentia
774 4085 808 4138 et
835 4075 936 4138 luxus
960 4075 1110 4157 quidem,
1128 4087 1194 4157 per
1217 4095 1251 4136 se
1273 4084 1428 4155 spectata,
1454 4072 1541 4134 vitia

350 4253 545 4262 ——mn

384 4360 409 4426 ι)
428 4362 502 4423 Quae
520 4369 589 4410 certe
610 4377 663 4411 uon
682 4361 790 4411 aderant
809 4361 836 4409 in
855 4376 949 4426 campo
967 4361 1000 4409 ad
1020 4361 1147 4424 proelium
1168 4361 1266 4426 electo3
1285 4359 1389 4408 illorum
1409 4375 1487 4408 causa
1507 4359 1541 4408 ad

342 4446 457 4510 aliquam
474 4449 564 4497 urbem
583 4448 631 4498 iter
650 4447 797 4497 laciendum
815 4455 869 4496 erat
887 4455 942 4512 aut,
960 4456 989 4496 ut
1008 4447 1152 4511 minimum,
1170 4446 1331 4495 redeundum
1352 4446 1379 4494 in
1399 4453 1493 4495 castra.
