3266 5238
686 449 744 516 123

120 633 214 676 verso
234 622 270 677 ut
294 621 434 696 repente
455 615 595 696 remigio
616 614 693 678 hinc
711 613 764 677 vel
778 614 869 677 illinc
881 613 1125 697 appellerent”.
1138 613 1311 697 Appellere

118 733 171 796 hic
202 753 270 796 non
302 741 354 796 est
388 733 579 818 „appellere
610 735 654 796 ad
681 732 797 797 littus’'
821 735 880 796 sed
910 733 1082 815 „dirigere
1107 753 1309 815 cursumque

118 852 285 915 flectere”.
319 851 368 917 Cf.
402 852 445 915 H.
478 853 538 928 111,
570 867 614 934 47
647 853 703 916 ubi
735 854 856 916 eadem
887 872 939 916 res
962 853 1085 916 eodem
1109 853 1310 917 describitur
1338 937 1342 944 ¹

118 973 237 1035 modo:
274 973 365 1056 ,pari
398 974 567 1056 utrimque
600 993 700 1056 prora
732 981 767 1037 et
798 973 952 1036 mutabili
987 973 1139 1056 remigio,
1171 975 1310 1056 quando

116 1095 193 1158 hinc
225 1093 279 1157 vel
312 1093 402 1158 illinc
433 1093 605 1178 appellere
629 1095 849 1157 indiscretum
874 1101 909 1156 et
933 1093 1108 1156 innoxium
1133 1093 1216 1156 est”.
1241 1091 1309 1158 Sed

115 1215 196 1297 quid
223 1212 366 1276 navibus
394 1234 480 1296 opus
502 1215 555 1289 sit,
581 1234 668 1296 quae
692 1222 764 1277 tam
788 1213 885 1276 facile
910 1233 1042 1277 cursum
1067 1222 1197 1276 mutare
1220 1213 1310 1276 subi-

115 1341 230 1415 toque,
263 1353 340 1396 cum
372 1353 457 1416 opus
489 1341 550 1408 est,
583 1334 617 1395 in
642 1333 845 1396 contrariam
870 1331 985 1396 volare
1010 1340 1141 1414 partem
1166 1332 1307 1416 possint,

114 1472 190 1515 curn
214 1461 330 1515 tamen
355 1473 423 1516 non
446 1453 490 1515 ad
515 1451 680 1535 proelium
706 1451 825 1515 navale
849 1453 1029 1514 mittuntur
1052 1453 1112 1514 sed
1137 1453 1181 1514 ad
1201 1460 1309 1514 trans·

114 1573 303 1654 portandos
336 1572 458 1635 milites
489 1581 797 1654 commeatumque,
826 1572 918 1636 dicat
941 1573 999 1655 qui
1024 1571 1200 1656 intelligat.
1226 1572 1309 1635 For·

114 1701 203 1755 tasse
228 1690 284 1754 hic
308 1701 424 1756 tamen
448 1693 491 1755 de
516 1712 609 1754 more
634 1691 772 1755 Tacitus
797 1712 878 1768 rem,
903 1712 972 1774 quo
998 1692 1104 1774 magis
1128 1691 1224 1756 fieret
1249 1693 1309 1754 mi-

113 1811 238 1887 rabilis,
264 1812 471 1895 amplificare
494 1813 645 1889 studens,
670 1821 907 1876 ornamentum
930 1813 1069 1895 aliquod
1093 1812 1227 1877 addidit
1249 1813 1309 1876 im·

112 1932 265 2014 prudens
289 1932 481 2014 invitusque
505 1933 597 2014 quod
623 1932 667 1996 ab
691 1932 756 1996 hoc
780 1933 856 1996 loco
882 1953 1017 2015 prorsus
1041 1942 1130 1996 esset
1150 1934 1307 1997 alienum.

112 2050 163 2113 De
189 2051 293 2114 rebus
317 2052 361 2115 ab
384 2053 459 2135 ipso
481 2053 684 2117 Germanico
705 2061 784 2136 post
803 2053 923 2116 miram
943 2051 1034 2116 illam
1055 2054 1308 2136 navigationem

109 2171 217 2251 gestis
243 2171 428 2235 videamus.
453 2192 482 2234 c.
507 2173 537 2236 8.

157 2339 172 2370 ‚,
293 2291 385 2356 lacus
415 2275 495 2354 inde
526 2301 560 2355 et
591 2291 767 2357 Oceanum
792 2313 898 2374 usque
921 2293 965 2354 ad
990 2291 1157 2355 Amisiam
1182 2291 1308 2355 flumen

109 2412 265 2475 secunda
296 2413 512 2495 navigatione
544 2414 750 2496 pervehitur.
784 2413 907 2478 Classis
936 2414 1088 2478 Amisiae
1111 2435 1169 2478 ore
1194 2415 1311 2478 relicta

110 2531 213 2595 laevo
246 2550 363 2608 amne;
397 2540 612 2616 erratumque
640 2534 674 2596 in
698 2554 739 2597 eo
763 2536 855 2616 quod
881 2555 949 2598 non
973 2535 1132 2598 subvexit
1156 2543 1310 2617 transpo-

107 2652 177 2714 suit
199 2651 343 2714 militem
365 2653 503 2716 dextras
524 2654 557 2716 in
571 2661 676 2718 terras
690 2654 831 2716 iturum:
853 2655 900 2716 ita
913 2653 1026 2736 plures
1038 2654 1110 2716 dies
1123 2655 1309 2718 efficiendis

106 2770 276 2855 pontibus
300 2771 506 2856 absumpti’'.

151 2891 289 2954 Vocem
313 2912 370 2956 ore
392 2892 525 2955 addidit
549 2892 801 2976 Nipperdeyus,
826 2902 917 2956 recte
941 2901 977 2958 ut
997 2895 1135 2978 opinor,
1155 2894 1307 2960 subvexit

105 3013 319 3096 transposuit
349 3014 523 3094 quomodo
551 3014 772 3076 emendemus
796 3033 915 3096 parum
939 3014 1051 3090 refert,
1077 3016 1192 3079 omnia
1214 3017 1304 3080 enim

106 3131 163 3195 hic
185 3132 268 3194 satis
287 3141 365 3194 sunt
386 3133 574 3214 perspicua,
595 3132 783 3196 dummodo
802 3131 867 3196 hoc
887 3141 1064 3198 teneamus
1077 3136 1306 3219 verbaplures

106 3252 181 3314 dies
212 3249 387 3332 efficiendis
410 3252 565 3335 pontibus
594 3252 761 3336 absumpti
790 3253 843 3316 hic
877 3255 988 3336 posita
1019 3275 1091 3320 esse
1123 3266 1159 3320 ut
1189 3260 1304 3322 statim

107 3369 295 3434 verborum
319 3383 534 3453 erratumque
556 3391 585 3434 e.
599 3393 632 3454 q.
645 3393 671 3435 s.
696 3373 782 3436 ratio
807 3374 1014 3450 redderetur,
1039 3397 1118 3440 nam
1139 3378 1172 3440 in
1193 3399 1303 3442 rerum

104 3498 283 3572 gestarum
316 3492 434 3556 ordine
466 3492 547 3555 illud
580 3491 642 3554 suit
673 3491 828 3556 ultimum
839 3521 846 3570 ;
876 3495 1108 3558 huiuscemodi
1133 3497 1224 3559 enim
1248 3498 1303 3561 ille

103 3609 196 3674 ordo
221 3609 300 3674 suit:

150 3752 185 3794 a.
211 3730 250 3792 Iu
274 3751 332 3794 ore
355 3731 508 3796 Amisiae
532 3734 575 3796 ad
601 3733 708 3816 ripam
732 3733 900 3796 sinistram
925 3732 1101 3814 appellunt
1125 3753 1238 3797 naves.

149 3850 181 3914 b.
207 3850 258 3913 Ibi
293 3853 481 3915 escendunt
512 3852 645 3928 milites,
678 3873 821 3935 quorum
853 3860 968 3915 tamen
1000 3852 1161 3927 nonnulli,
1195 3854 1299 3936 prius-

208 3990 311 4052 quam
335 3977 459 4034 terram
483 3981 649 4049 tenerent,
674 3973 785 4036 hausti
809 3980 897 4036 sunt.

149 4111 177 4153 c.
204 4090 292 4173 Ripa
315 4091 449 4156 sinistra
472 4093 680 4175 aliquamdiu
705 4093 828 4156 milites
851 4093 915 4155 iter
937 4092 1075 4157 faciunt.

151 4209 185 4274 d.
211 4210 337 4273 Pontes
361 4210 446 4274 fiunt
470 4221 506 4275 ut
531 4212 697 4294 reliquum
721 4212 785 4274 iter
809 4213 930 4276 dextra
955 4214 1061 4297 possit
1087 4213 1157 4277 fieri
1182 4215 1263 4298 ripa.

152 4329 249 4392 Haec
273 4339 399 4407 tamen,
420 4352 628 4416 quamquam
648 4331 796 4414 aliquam
817 4333 992 4415 requirunt
1011 4335 1298 4418 explanationem,

98 4474 119 4516 a
157 4449 279 4513 Tacito
312 4471 380 4514 non
413 4452 513 4516 nimis
544 4461 700 4517 contorte
732 4453 919 4518 obscureve
951 4463 1028 4520 sunt
1060 4464 1204 4521 narrata.
1229 4455 1297 4524 Sed
