3228 5236
649 509 708 576 225

90 694 196 736 muros
219 675 353 738 interim
377 675 522 737 ambiret
542 675 902 758 oppugnationemque
917 677 1053 740 eminus
1074 677 1272 760 inciperet.’'

127 791 324 856 Claudicare
345 793 534 857 orationem
556 795 667 875 quivis
686 795 790 869 videt,
811 796 871 858 sed
893 815 961 858 non
982 797 1163 858 restituunt
1185 817 1270 871 eam,

88 911 140 992 qui
160 932 223 994 pro
243 912 308 976 levi
325 901 477 975 scribunt
497 913 577 976 levis
597 921 631 976 et
652 934 671 975 a
685 915 937 996 praemissaque
958 934 1084 977 novum
1105 915 1272 998 incipiunt

88 1029 205 1093 colum.
242 1029 379 1112 Quanto
410 1031 533 1094 rectius
564 1031 724 1094 Heinsius
754 1032 820 1096 levi
848 1033 972 1096 retinet
1004 1035 1062 1096 sed
1087 1055 1147 1116 que
1170 1035 1271 1112 eiicit,

87 1158 120 1212 ut
154 1152 270 1214 omnia
300 1152 347 1214 sic
378 1153 576 1215 decurrant:
613 1152 740 1232 „lucem
772 1153 955 1235 opperitur,
989 1155 1172 1236 praemissa
1205 1154 1271 1218 levi

87 1279 252 1333 armatura
275 1292 304 1333 e.
318 1291 350 1352 q.
364 1269 411 1332 s.”

127 1389 170 1452 A.
208 1390 304 1464 XIII,
341 1405 392 1470 54.
419 1389 528 1464 Frisii,
562 1392 625 1454 rati
660 1393 764 1454 duces
799 1393 972 1456 Romanos
1007 1393 1132 1456 vetitos
1162 1402 1273 1457 castra

87 1528 230 1584 movere,
264 1508 440 1572 Romanae
472 1510 615 1572 dicionis
638 1530 737 1592 agros
760 1512 926 1592 quosdam
951 1532 1075 1575 vacuos
1099 1523 1269 1595 occupant

86 1636 117 1689 et
140 1637 178 1690 ut
200 1648 280 1692 suos
303 1637 465 1692 exercent
488 1628 682 1691 auctoribus
707 1628 843 1692 Verrito
868 1639 903 1693 et
929 1630 1102 1712 Malorige.
1140 1631 1246 1694 Tum:

130 1748 281 1828 ,Dubius
312 1747 447 1822 Avitus,
479 1755 621 1829 accepta
652 1768 673 1810 a
704 1749 842 1812 Paulino
867 1751 1052 1831 provincia,
1079 1751 1270 1816 minitando

86 1869 151 1931 vim
184 1868 385 1942 Romanam,
418 1868 480 1929 nisi
511 1867 736 1929 abscederent
759 1868 858 1931 Frisii
881 1878 1013 1932 veteres
1037 1871 1070 1932 in
1094 1871 1187 1934 locos
1212 1881 1270 1935 aut

86 2007 206 2050 novam
237 1988 356 2050 sedem
386 2007 406 2048 a
437 1985 580 2050 Caesare
609 1987 840 2068 impetrarent,
865 1989 1012 2070 perpulit
1037 1989 1211 2053 Verritum
1235 1999 1271 2053 et

87 2105 318 2189 Malorigem.”

127 2227 217 2309 Quid
238 2228 362 2290 certius
382 2243 484 2309 quam
506 2226 633 2308 puerile
653 2226 742 2288 istud
764 2226 873 2290 Frisii
883 2248 901 2290 e
915 2228 1066 2310 margine
1079 2229 1272 2312 irrepsisse?

127 2348 171 2410 A.
206 2347 305 2422 XIV,
341 2363 392 2410 20.
430 2346 574 2427 Antiqui
611 2347 713 2408 moris
747 2346 901 2409 homines
936 2368 1044 2412 novos
1078 2369 1099 2411 a
1135 2349 1271 2442 Nerone

85 2467 254 2532 institutos
282 2467 382 2530 ludos
410 2486 510 2548 aegre
534 2466 699 2541 ferebant,
723 2469 1106 2550 commemorabantque
1130 2489 1271 2532 avorum

84 2587 351 2670 indignationem
376 2587 409 2648 in
435 2585 652 2667 Pompeium:

130 2708 240 2788 „quod
284 2725 475 2772 mansuram
510 2704 634 2767 theatri
669 2705 786 2767 sedem
822 2706 998 2787 posuisset.
1046 2706 1135 2769 Nam
1169 2715 1271 2770 antea

83 2825 249 2888 subitariis
281 2824 441 2906 gradibus
474 2831 509 2886 et
539 2843 662 2887 scaena
693 2823 727 2884 in
759 2831 894 2906 tempus
924 2833 1052 2887 structa
1083 2825 1182 2888 ludos
1213 2827 1269 2888 edi

82 2945 214 3021 solitos;
248 2944 303 3007 vel
335 2943 362 3005 si
393 2943 580 3006 vetustiora
610 2951 753 3024 repetas,
778 2951 925 3007 stantem
950 2944 1113 3027 populum
1139 2953 1270 3027 specta·

82 3065 178 3145 visse,
196 3084 250 3138 ne,
268 3063 296 3126 si
314 3063 516 3137 consideret,
535 3062 669 3124 theatro
688 3062 760 3124 dies
773 3069 864 3123 totos
876 3062 1010 3143 ignavia
1024 3062 1271 3148 continuaret.’'

86 3231 88 3238 ,
126 3182 327 3246 Rectissime
359 3180 522 3262 Agricola
553 3180 753 3262 particulam
784 3201 831 3255 ne,
864 3200 951 3261 quae
983 3181 1017 3244 in
1049 3183 1168 3245 codice
1193 3190 1271 3264 post

79 3303 285 3366 continuaret
302 3301 434 3382 legitur,
455 3301 520 3364 huc
542 3301 726 3376 transiecit‚
748 3301 805 3364 ubi
826 3320 914 3363 nunc
932 3309 984 3364 est
1000 3301 1034 3364 in
1048 3303 1266 3366 editionibus.

80 3421 147 3486 Sed
166 3442 234 3485 non
254 3421 396 3504 perfecit
415 3421 691 3484 emendationem
701 3447 709 3496 ;
729 3420 805 3483 ferri
819 3422 908 3483 enim
922 3440 989 3483 non
1004 3428 1117 3502 potest
1129 3422 1270 3497 theatro,

78 3542 149 3604 sive
173 3561 251 3604 cum
275 3541 464 3616 consideret,
488 3541 559 3603 sive
584 3560 660 3602 cum
686 3541 891 3604 continuaret
913 3539 1032 3620 iungis
1059 3540 1097 3602 In
1119 3543 1269 3622 margine

78 3659 258 3743 adscripsit
281 3659 332 3722 vir
356 3659 494 3741 probior
519 3678 621 3740 quam
645 3658 822 3733 sollertior,
843 3666 997 3721 metuens
1018 3678 1059 3720 ne
1081 3660 1156 3740 quis
1175 3660 1269 3742 igno·

78 3789 169 3843 raret
192 3799 280 3862 quae
304 3779 442 3862 ignavia
466 3777 522 3841 hic
547 3786 636 3840 esset
660 3777 888 3858 intelligenda.

121 3899 167 3963 A.
200 3898 295 3972 XIV,
324 3899 373 3980 38.
400 3898 438 3961 In
464 3897 638 3960 Britannia
661 3895 763 3958 lulius
787 3894 951 3958 Classicus
975 3907 1174 3977 procurator
1198 3918 1270 3961 om·

78 4019 177 4081 nibus
207 4018 318 4081 modis
350 4016 561 4092 Suetonium,
590 4017 647 4098 qui
671 4015 834 4077 hactenus
859 4015 951 4076 vario
975 4024 1100 4079 eventu
1127 4038 1198 4081 rem
1223 4019 1269 4081 ibi

78 4146 240 4221 gesserat,
264 4137 502 4220 oppugnabat:

125 4256 244 4338 „simul
275 4257 309 4319 in
340 4256 459 4319 urbem
491 4255 678 4319 mandabat
709 4252 836 4316 nullum
861 4253 1065 4334 proeliorum
1086 4256 1187 4319 finem
1211 4277 1269 4319 ex·

78 4385 266 4460 pectarent,
293 4376 354 4438 nisi
377 4377 617 4439 succederetur
637 4372 814 4447 Suetonio,
835 4373 927 4434 cuius
946 4374 1091 4438 adversa
1110 4375 1269 4458 pravitati

77 4497 192 4579 Ipsius,
218 4515 381 4578 prospera
405 4495 453 4560 ad
466 4498 648 4579 fortunam
672 4493 779 4576 ipsius
802 4491 1027 4556 referebat.”-

1133 4625 1162 4680 ι5
