3258 5240
720 413 764 476 49

145 581 384 655 argumentum
418 572 503 649 vim;
538 593 616 635 nam
646 573 674 635 si
705 593 793 636 vana
824 580 912 647 sunt,
945 571 979 636 id
1011 581 1062 635 est
1086 572 1210 636 nullius
1225 574 1342 657 pretii,

144 699 257 754 castra
280 690 345 766 illa,
371 710 491 754 neres
515 691 654 773 quidem
679 711 699 754 a
723 691 830 756 Civile
853 699 969 773 gestae
994 693 1108 774 magni
1132 701 1209 755 sunt
1230 692 1341 776 pretii,

146 830 259 892 neque
291 811 477 893 quidquam
509 811 553 873 de
584 810 696 873 futuro
724 811 928 894 promittunt
953 810 1060 874 bello:
1086 820 1227 894 possunt
1251 813 1340 875 enim

144 929 232 992 aliae
267 948 288 990 a
323 929 487 992 Romanis
518 929 607 992 mitti
639 929 758 1012 copiae
791 929 897 992 multo
929 930 1136 992 robustiores
1167 931 1342 1013 multoque

145 1048 320 1110 timendae
342 1049 459 1129 magis.
480 1047 541 1123 At,
562 1049 596 1110 id
617 1049 709 1130 quod
730 1049 829 1130 plane
850 1049 921 1112 eius
941 1057 1080 1112 naturae
1099 1051 1342 1113 convenienter

146 1166 196 1241 fit,
221 1167 271 1229 ira
294 1187 354 1230 sua
378 1175 413 1229 et
437 1165 563 1231 ferocia
587 1167 702 1231 Civilis
724 1167 900 1252 abripitur.

194 1286 240 1349 Et
263 1288 385 1350 eodem
410 1286 552 1352 fortasse
577 1290 681 1352 modo
705 1289 941 1372 accipiendum
963 1297 1015 1352 est
1034 1289 1127 1371 quod
1149 1289 1342 1371 A.x11,44

146 1408 286 1490 legitur:

198 1525 300 1606 ¹,Erat
332 1525 567 1591 Pharasmanis
599 1527 686 1592 filius
718 1528 944 1604 Radamistus,
977 1530 1102 1592 decora
1127 1527 1342 1611 proceritate,

146 1647 182 1708 vi
214 1647 365 1729 corporis
395 1646 535 1729 insignis
567 1657 601 1712 et
633 1649 759 1729 patrias
782 1657 872 1711 artes
896 1650 1048 1723 edoctus,
1073 1647 1231 1730 claraque
1255 1649 1343 1712 inter

147 1766 282 1828 accolas
312 1765 411 1828 lama.
444 1766 476 1829 Is
508 1767 679 1830 modicum
711 1768 872 1832 Hiberiae
905 1789 1046 1851 regnum
1076 1777 1214 1832 senecta
1238 1769 1343 1853 patris

146 1886 293 1949 detineri
328 1884 472 1949 ferocius
505 1887 722 1970 crebriusque
757 1889 907 1952 iactabat
941 1909 1044 1971 quam
1079 1897 1117 1953 ut
1147 1889 1342 1972 cupidinem

146 2004 368 2069 occultaret’'.
428 2005 433 2013 '

194 2123 230 2188 Si
254 2145 369 2188 veram
395 2124 570 2188 hominurn
595 2127 803 2190 hereditates
826 2128 1062 2209 appetentium
1087 2127 1272 2210 „logicam”
1293 2148 1343 2191 se·

147 2254 247 2308 cutus
271 2255 360 2308 esset
384 2245 611 2321 Radamistus,
636 2246 734 2309 aliter
757 2255 846 2309 esset
869 2248 1012 2310 locutus.
1037 2246 1126 2310 Nam
1146 2267 1214 2330 quo
1234 2249 1344 2310 maior

146 2364 321 2429 hereditas
344 2375 395 2429 est
418 2386 461 2428 eo
485 2367 620 2449 gravius
644 2366 729 2430 lerre
750 2366 994 2450 heredipetam,
1015 2368 1107 2450 quod
1128 2369 1172 2431 ad
1191 2377 1344 2450 speratas

148 2505 234 2567 opes
264 2486 441 2568 pervenire
474 2507 542 2550 non
567 2488 684 2571 possit,
709 2497 976 2552 consentaneum
999 2497 1060 2551 est.
1086 2486 1135 2551 cf.
1161 2487 1257 2563 XIV,
1281 2487 1342 2567 65:

151 2623 307 2686 ,veneno
339 2604 546 2668 interfecisse
571 2605 687 2688 (Nero)
712 2608 861 2671 creditus
884 2615 1002 2670 est...
1027 2605 1225 2681 Pallantem,
1250 2605 1342 2688 quod

146 2726 343 2788 immensam
379 2724 558 2806 pecuniam
592 2723 694 2806 longa
725 2734 862 2789 senecta
894 2724 1095 2788 detineret”.
1127 2725 1178 2788 At
1208 2723 1343 2806 egregie

148 2845 260 2926 ipsam
281 2844 335 2906 hic
355 2852 509 2907 naturam
530 2845 684 2927 depingit
705 2845 844 2909 Tacitus
852 2873 859 2922 ;
883 2854 1082 2927 querentem
1102 2845 1193 2908 enim
1213 2843 1344 2906 adoles-

148 2961 324 3025 centulum
355 2963 472 3025 audire
504 2962 604 3025 nobis
635 2964 806 3027 videmur:
842 2983 903 3044 ,en
936 2984 1000 3046 ego
1024 2984 1126 3046 quam
1150 2963 1247 3027 fortis
1269 2963 1343 3038 sim,

149 3101 255 3164 quam
278 3081 421 3164 cupidus
444 3081 571 3163 gloriae
594 3082 753 3164 bellique,
779 3103 950 3165 quamque
974 3084 1018 3145 sit
1042 3084 1213 3147 modicum
1240 3083 1344 3146 Hibe·

147 3202 222 3263 riae
252 3220 411 3283 regnum:
442 3209 558 3265 tamen
591 3222 633 3264 ne
664 3203 708 3266 ad
739 3201 821 3266 illud
847 3203 985 3284 quidem
1009 3203 1172 3266 accedere
1197 3222 1344 3286 possum,

148 3329 251 3404 pater
273 3321 486 3403 grandaevus
509 3321 645 3403 iamque
670 3322 863 3404 decrepitus
883 3321 1049 3386 obtinet”.
1072 3323 1294 3404 Respondere
1314 3321 1344 3382 ei

149 3447 289 3522 poterat
313 3438 362 3501 vir
386 3439 600 3524 disceptandi
625 3442 770 3524 peritus:
800 3442 844 3522 „si
871 3442 1052 3516 modicum,
1076 3442 1103 3503 si
1128 3461 1270 3522 parvum
1295 3449 1346 3502 est

148 3557 235 3621 illud
257 3577 407 3639 regnum,
429 3553 562 3642 patrem
581 3568 676 3623 tuum
697 3559 778 3623 illud
799 3560 954 3630 obtinere
968 3578 1077 3641 aequo
1092 3567 1208 3641 patere
1221 3559 1345 3633 animo,

148 3684 273 3758 aptum
303 3686 355 3741 est
385 3678 533 3743 humeris
563 3681 634 3742 eius
666 3700 767 3757 onus,
798 3689 834 3743 tu
860 3680 974 3761 potius
997 3677 1077 3741 alibi
1102 3679 1189 3739 vires
1213 3697 1344 3751 exerce,

148 3795 325 3876 digniores
354 3805 388 3860 te
421 3799 554 3862 labores
586 3780 838 3881 circumspice”.
873 3797 941 3861 Sed
972 3797 1053 3879 quid
1082 3795 1227 3877 logicam
1251 3801 1345 3857 curat
1403 3838 1405 3842 -

149 3932 326 3977 morarum
349 3916 530 3998 impatiens
553 3914 705 3980 iuvenis?
725 3915 746 3998 ¹)

200 4031 368 4114 Denique,
392 4055 598 4117 quamquam
622 4055 690 4098 non
715 4034 815 4116 plane
836 4055 879 4097 ex
898 4035 1021 4098 eodem
1042 4041 1093 4096 est
1111 4053 1246 4115 genere,
1266 4040 1346 4115 apte

147 4214 350 4226 .-----.-

194 4322 221 4387 r)
241 4321 380 4372 Furneaux
398 4335 504 4387 quoque
521 4322 603 4372 sensit
618 4337 675 4372 esse
692 4321 719 4371 in
733 4321 784 4372 hoc
799 4321 858 4370 loco
874 4321 974 4371 insoliti
989 4321 1099 4388 aliquid,
1114 4321 1161 4370 sed
1175 4320 1241 4370 illud
1256 4319 1349 4369 frustra

146 4406 247 4460 tollere
265 4416 381 4458 conatur.

1189 4519 1207 4569 4
