3266 5238
660 439 703 506 79

86 601 170 664 dum
193 609 262 664 est:
291 600 433 681 ,Laxati
457 601 594 664 ordines
617 600 881 684 abrumpuntur;
908 620 969 663 nec
990 601 1120 664 restitui
1141 603 1279 683 quivere

84 719 352 801 impedientibus
376 718 538 782 vehiculis
562 721 819 802 tormentisque.
844 720 907 782 Per
931 719 1074 783 limitem
1095 721 1169 784 viae
1190 741 1282 803 spar-

85 847 212 920 guntur
243 837 459 902 festinatione
491 839 710 902 consectandi
743 837 921 902 victores”.
953 839 1051 902 Nunc
1079 861 1186 924 agger
1202 841 1284 903 viae

85 956 126 1019 fit
156 957 230 1040 ipsa
261 959 326 1034 via,
355 978 441 1040 quae
467 958 652 1021 rectissime
676 959 723 1020 sic
747 958 949 1040 appellatur,
972 960 1133 1040 quoniam
1159 961 1223 1035 via,
1248 961 1282 1022 in

85 1076 230 1158 planitie
253 1085 436 1153 exstructa,
461 1097 579 1141 revera
602 1097 707 1160 agger
730 1085 792 1139 est.
817 1077 864 1140 Et
887 1077 980 1140 limes
1002 1079 1077 1142 viae
1096 1079 1284 1142 adiacentis

85 1197 159 1277 agri
178 1216 295 1278 margo
314 1196 452 1278 quidam
472 1205 532 1272 est,
553 1217 663 1278 neque
680 1206 796 1259 tamen
816 1197 915 1260 nimis
933 1206 1104 1280 angustus,
1121 1199 1282 1279 quoniam

86 1335 149 1398 per
172 1336 252 1379 eum
274 1328 485 1400 sparguntur
510 1317 664 1380 Flaviani
689 1317 822 1380 milites.
848 1316 893 1379 Et
916 1319 998 1399 quid
1023 1316 1151 1381 sactum
1172 1337 1283 1380 narra·

85 1434 163 1499 tur?
187 1436 265 1499 Non
289 1436 400 1500 solum
425 1437 598 1501 Vitelliani
619 1438 755 1500 ordines
774 1457 852 1500 suos
874 1438 1049 1501 restituere
1067 1438 1283 1501 obstantibus

86 1555 253 1619 vehiculis
276 1558 523 1640 tormentisque
549 1577 616 1620 non
638 1565 788 1639 possunt,
809 1557 869 1619 sed
891 1557 1011 1620 eadem
1033 1556 1088 1620 illa
1108 1557 1283 1620 obstacula

85 1679 271 1759 quominus
301 1677 454 1741 Flaviani
485 1678 625 1761 propius
650 1679 816 1741 accedant
840 1686 874 1741 et
899 1698 1018 1741 manus
1040 1698 1118 1740 cum
1142 1679 1181 1740 iis
1204 1698 1284 1741 con·

85 1807 204 1861 serant
238 1797 447 1881 impediunt:
484 1797 519 1859 hi
551 1818 632 1880 ergo
664 1800 707 1861 de
738 1799 812 1860 viae
844 1817 968 1880 aggere
1000 1799 1192 1873 decurrunt,
1225 1818 1285 1880 per

85 1917 303 1980 adiacentem
338 1937 496 1999 campum
533 1917 678 1980 volitant
709 1927 744 1980 et
774 1917 842 1981 alio
872 1917 948 1980 loco
980 1918 1093 1981 denuo
1124 1938 1283 2001 aggerem

86 2038 164 2100 viae
196 2037 441 2111 conscendunt,
471 2037 543 2111 sed,
576 2044 613 2098 ut
644 2035 691 2112 fit,
725 2037 806 2099 dum
836 2056 937 2099 nemo
961 2057 1168 2119 quemquam
1193 2056 1284 2100 com-

87 2154 280 2218 militonem
312 2164 392 2219 ante
422 2175 458 2218 se
489 2156 626 2238 patitur,
651 2176 718 2218 non
744 2156 839 2218 iuxta
863 2156 952 2218 viam
976 2163 1114 2218 currunt
1138 2157 1198 2218 sed
1224 2176 1284 2238 per

84 2255 231 2338 limitem
256 2275 350 2339 illum
373 2284 587 2358 sparguntur.

132 2394 178 2458 H.
205 2395 266 2470 III,
292 2411 343 2478 29.
377 2396 447 2477 ,lln
477 2394 646 2460 Cremona
669 2396 912 2482 oppugnanda)
938 2396 1138 2458 acerrimum
1161 2397 1283 2459 tertiae

83 2515 324 2598 septimaeque
356 2515 527 2598 legionum
559 2525 748 2592 certamem
775 2523 809 2577 et
834 2516 905 2578 dux
928 2515 1101 2578 Antonius
1124 2536 1201 2579 cum
1226 2517 1283 2580 de-

82 2634 185 2698 lectis
208 2635 426 2697 auxiliaribus
450 2637 572 2698 eodem
592 2634 802 2698 incubuerat.
824 2633 1023 2698 Obstinatos
1043 2635 1130 2697 inter
1150 2655 1186 2697 se
1206 2655 1283 2697 cum

82 2755 253 2818 sustinere
279 2755 453 2818 Vitelliani
480 2755 658 2836 nequirent
682 2775 711 2817 e.
736 2775 769 2836 q.
793 2752 852 2816 s.’'.

129 2873 282 2956 Quaerat
306 2874 448 2938 fortasse
472 2875 639 2957 quispiam
664 2873 839 2936 obstinatos
862 2874 949 2937 inter
972 2874 1108 2956 sequid
1130 2875 1187 2951 sit;
1210 2875 1283 2958 ipsa

81 2995 237 3058 narratio
261 3003 417 3057 accurate
441 2993 529 3056 lecta
553 2993 634 3057 illud
660 2993 815 3056 docebit:
842 2994 875 3055 in
899 2995 1169 3058 conscendendis
1191 3015 1282 3058 moe·

82 3115 187 3177 nibus
218 3113 369 3196 legiones
399 3112 579 3176 certabant
609 3113 696 3175 inter
723 3132 769 3202 se,
794 3113 922 3176 etenim
946 3110 1118 3176 Antonius
1142 3114 1183 3192 (c.
1209 3116 1281 3198 27):

83 3234 236 3315 ,vallum
256 3241 440 3316 portasque
458 3231 648 3315 legionibus
665 3231 829 3307 attribuit,
850 3240 884 3296 ut
897 3233 1059 3298 discretus
1071 3234 1165 3298 labor
1178 3235 1281 3298 sortes

79 3354 297 3436 ignavosque
321 3350 576 3435 distingueret”.
597 3351 680 3414 Erat
700 3371 782 3433 ergo
801 3351 952 3414 omnium
973 3352 1060 3415 inter
1080 3373 1116 3416 se
1137 3354 1281 3417 militum

77 3483 271 3548 certamen,
303 3473 335 3535 in
364 3492 433 3554 quo
457 3491 558 3534 nemo
581 3470 740 3551 cuiquam
763 3472 885 3533 cedere
910 3471 1057 3534 volebat.
1082 3471 1132 3534 Cf.
1157 3472 1218 3548 lV,
1246 3492 1282 3554 3:

76 3592 301 3656 discordibus
341 3592 600 3673 municipiorum
635 3589 755 3652 animis
787 3590 894 3671 magis
923 3591 1010 3653 inter
1039 3603 1147 3664 semet,
1179 3612 1281 3672 quam

76 3713 303 3776 contumacia
326 3713 487 3775 adversus
511 3711 710 3793 principem.

125 3832 175 3896 H.
203 3831 246 3907 V,
272 3847 323 3912 25.
356 3833 427 3895 Iam
460 3831 608 3894 Batavos
639 3828 717 3891 belli
747 3828 880 3902 taedet;
910 3827 977 3889 iam
1008 3827 1089 3890 nihil
1120 3829 1280 3891 diuturno

73 3951 278 4035 profectum
301 3950 392 4013 bello
415 3957 615 4032 queruntur3
641 3947 801 4030 quoniam
822 3947 865 4008 ad
886 3946 1065 4028 imperium
1087 3949 1279 4029 pervenerit

74 4070 328 4153 Vespasianus,
349 4070 464 4150 inepte
483 4067 632 4131 simulari
653 4085 714 4149 pro
735 4063 792 4126 illo
809 4062 935 4127 bellum
953 4085 973 4126 a
991 4085 1027 4128 se
1039 4067 1125 4148 geri;
1141 4067 1278 4129 minime

71 4210 154 4256 esse
176 4189 411 4252 Romanorum
429 4186 641 4250 intolerabile
659 4184 848 4267 imperium.
869 4181 1063 4265 Sequuntur
1078 4185 1162 4249 haec
1175 4185 1279 4268 ipsius

72 4309 196 4373 Taciti
227 4306 348 4370 verba:
383 4307 588 4380 ,Honestius
617 4304 787 4387 principes
815 4302 1046 4367 Romanorum
1070 4325 1173 4386 quam
1197 4303 1278 4368 Ger·

71 4445 264 4494 manorum
296 4424 437 4488 seminas
461 4427 607 4489 tolerari.
633 4424 727 4487 Haec
752 4420 887 4502 vulgum
913 4442 1070 4503 proceres
1093 4427 1276 4487 atrociora:
