3258 5240
890 440 932 487 20

312 622 479 665 venenum
505 601 670 665 eiusmodi
696 612 731 666 ut
756 606 812 686 qui
837 625 878 667 eo
902 612 1041 666 necatus
1065 611 1154 695 esset
1174 601 1265 664 nulla
1286 603 1407 665 veneni
1429 623 1508 685 pro-

312 723 407 785 deret
442 721 555 802 signa;
592 723 686 802 atqui
722 721 913 786 Germanici
949 741 1084 805 quoque
1115 741 1238 802 corpus
1263 722 1509 803 praetuleritne

311 842 458 927 ueneficii
485 843 607 924 sigum
620 854 746 925 parum
778 843 922 906 constitit
951 841 1007 924 (ΙΙ,
1037 841 1102 923 73),
1128 840 1220 921 quod
1245 839 1314 902 sere
1339 841 1431 902 idem
1455 849 1508 902 est

311 982 350 1024 ac
375 963 400 1023 si
426 961 518 1024 nulla
542 962 680 1025 inventa
703 963 798 1045 signa
823 961 983 1024 fateretur
1003 959 1159 1022 Tacitus:
1181 979 1262 1043 ergo
1282 959 1326 1022 ab
1349 959 1404 1022 illa
1425 960 1507 1022 Ger·

312 1081 444 1142 manico
470 1089 624 1162 paratum
650 1101 722 1144 esse
747 1101 915 1144 venenum
941 1100 1104 1162 perquam
1129 1088 1201 1142 erat
1226 1078 1438 1143 verisimile”.

357 1197 482 1273 Audio,
503 1200 562 1261 sed
585 1179 667 1281 quid
688 1198 780 1262 hisce
801 1220 878 1263 cum
893 1196 1194 1280 praecedentibus?
1207 1197 1507 1279 Quemadmodum

313 1319 403 1380 enim
434 1319 628 1381 coniunctio
660 1340 737 1382 nam
769 1320 882 1394 docet,
916 1319 959 1381 de
989 1319 1136 1381 Martina
1169 1320 1337 1402 narrando
1369 1318 1509 1381 Tacitus

312 1437 589 1519 praecedentium
624 1438 757 1500 illorum
793 1439 955 1501 rationem
991 1437 1147 1500 reddidit.
1184 1436 1361 1500 Praecedit
1393 1446 1509 1500 autem

311 1565 450 1636 questus
481 1556 571 1637 vulgi
605 1558 697 1638 quod
728 1557 814 1632 Piso,
840 1557 920 1618 dum
946 1557 1080 1618 interim
1105 1575 1140 1617 se
1166 1555 1316 1619 oblectet
1340 1553 1510 1618 Achaiam

315 1673 501 1755 Asiamque
522 1675 745 1755 peragrando,
765 1674 923 1737 scelerum
943 1673 1114 1737 subvertat
1123 1675 1344 1757 probationes,
1365 1697 1511 1758 quorum

316 1793 496 1854 verborum
516 1791 606 1854 haud
629 1792 731 1854 dubie
752 1792 807 1854 hic
827 1813 944 1855 sensus
964 1801 1015 1854 est
1035 1801 1071 1856 ut
1093 1793 1169 1855 Piso
1189 1795 1321 1856 dicatur
1339 1795 1512 1858 demedio

320 1912 439 1975 tollere
459 1913 624 1994 quidquid
646 1913 771 1974 indicio
791 1933 863 1975 esse
884 1913 990 1995 possit
1008 1921 1166 1975 necatum
1179 1933 1198 1975 a
1211 1934 1247 1975 se
1260 1913 1512 1978 Germanicum.

321 2031 382 2093 Est
414 2033 485 2093 eius
515 2051 609 2093 mora
640 2052 818 2114 arrogans,
851 2034 930 2112 quia
960 2041 1031 2094 tam
1063 2032 1125 2094 diri
1153 2031 1310 2094 facinoris
1334 2042 1513 2115 suspectus

319 2150 352 2212 in
384 2150 629 2212 amoenissimis
660 2158 824 2213 terrarum
856 2151 938 2213 locis
970 2151 1114 2232 superbe
1146 2149 1305 2232 lauteque
1333 2152 1433 2228 vivit;
1460 2162 1512 2214 est

319 2268 454 2364 subdola
478 2269 566 2350 quia,
591 2270 671 2332 dum
697 2279 831 2351 praeter
855 2269 1047 2352 voluptates
1067 2291 1143 2332 suas
1165 2270 1210 2332 nil
1229 2287 1345 2333 curare
1366 2272 1512 2346 videtur,

318 2389 352 2450 in
385 2387 482 2451 Italia
513 2409 573 2470 per
604 2390 774 2451 ministros
801 2389 989 2452 securitatis
1013 2409 1093 2452 suae
1117 2410 1217 2452 causa
1241 2390 1369 2453 scelera
1392 2411 1513 2473 perpe-

319 2509 440 2572 tranda
463 2517 566 2572 curat.
593 2507 688 2571 Haec
712 2508 825 2570 omnia
849 2527 890 2569 eo
915 2528 976 2570 nos
1000 2508 1129 2570 ducunt
1153 2517 1189 2570 ut
1214 2508 1279 2570 hoc
1304 2509 1370 2571 dici
1395 2509 1512 2572 creda·

320 2649 410 2691 mus:
446 2628 596 2710 „illorum
629 2629 857 2690 ministrorum
890 2636 923 2689 et
950 2627 1097 2690 Martina
1122 2629 1258 2690 victima
1282 2627 1383 2691 fuisse
1408 2629 1514 2710 vulgo

321 2747 532 2810 videbatur”.
559 2747 608 2810 At
634 2768 722 2810 nunc
746 2747 826 2829 quid
851 2747 914 2808 sibi
939 2745 1010 2809 vult
1035 2767 1203 2810 venenum
1227 2747 1309 2810 illud
1334 2749 1426 2810 nodo
1450 2749 1514 2811 cri-

322 2868 413 2930 nium
445 2867 662 2942 occultatum,
694 2868 776 2949 quid
806 2867 927 2929 srustra
951 2869 1104 2949 quaesita
1127 2869 1253 2949 sumpti
1278 2869 1373 2930 exitii
1396 2867 1514 2950 signa?
1610 2947 1611 2958 ἵ

321 2987 377 3050 An
399 2988 542 3069 putabat
563 2985 708 3068 populus
728 2986 858 3048 Pisonis
879 2985 1049 3049 ministros
1068 2988 1111 3049 ad
1131 2986 1312 3049 Martinam
1325 2987 1514 3050 tollendam

319 3106 376 3168 illo
408 3108 482 3188 ipso
514 3125 591 3168 usos
623 3124 766 3179 veneno,
799 3105 891 3185 quod
923 3113 993 3166 tam
1019 3105 1105 3167 bene
1130 3104 1299 3168 celaverat
1323 3104 1398 3168 illa?
1422 3104 1515 3186 Quo-

320 3227 423 3288 modo
447 3246 488 3288 eo
512 3226 612 3307 potiti
632 3222 729 3287 sunt?
749 3224 905 3306 Denique
927 3224 998 3306 ipse
1019 3224 1157 3288 Tacitus
1178 3226 1259 3307 quid
1281 3226 1362 3289 velit
1382 3229 1512 3290 nescire

319 3345 463 3420 videtur,
488 3365 568 3426 ergo
592 3353 721 3407 temere
745 3343 894 3426 proferre
918 3364 1070 3406 rumores
1092 3344 1147 3406 hic
1172 3344 1239 3407 illic
1264 3345 1431 3408 inventos.
