3258 5240
722 443 761 509 53

188 605 281 668 Ann.
307 607 332 681 I,
363 623 410 688 19.
435 606 696 670 Tumultuantes
721 609 915 673 Pannoniae
940 611 1064 673 milites
1087 612 1122 673 in
1147 611 1338 693 praesentia

141 723 292 806 placavit
316 724 453 787 Blaesus
477 724 623 808 legatus:
650 728 918 809 impetraverunt
942 729 986 792 ab
1009 749 1051 791 eo
1071 736 1108 791 ut
1129 729 1232 810 ipsius
1252 727 1338 791 filius

140 843 288 906 Romam
325 845 525 920 mitteretur,
562 847 618 928 qui
656 847 826 929 postulata
860 868 920 911 sua
954 848 1020 930 (vel
1056 849 1169 931 potius
1204 857 1336 931 partem

140 964 272 1042 eorum)
297 966 341 1027 ad
364 963 559 1045 Augustum
584 965 762 1047 perferret:

189 1083 366 1164 ,Profecto
386 1085 508 1148 iuvene
528 1086 700 1149 modicum
720 1087 842 1164 otium,
864 1089 925 1151 sed
936 1088 1111 1171 superbire
1124 1088 1229 1164 miles,
1243 1090 1336 1170 quod

140 1203 229 1266 filius
248 1203 351 1285 legati
372 1213 486 1268 orator
506 1205 662 1288 publicae
683 1227 803 1270 causae
823 1209 904 1270 satis
923 1209 1120 1271 ostenderet
1137 1207 1338 1270 necessitate

142 1342 314 1405 expressa,
339 1343 426 1404 quae
450 1345 511 1406 per
535 1326 737 1388 modestiam
763 1346 829 1389 non
854 1324 1121 1389 obtinerentur”.

188 1439 410 1521 Λογικῶτερον,
431 1452 468 1505 ut
487 1445 619 1525 opinor,
640 1444 704 1507 hoc
725 1444 826 1508 foret:
853 1446 1073 1525 „necessitate
1093 1447 1237 1528 exprimi
1250 1467 1337 1528 quae

142 1582 205 1643 per
229 1563 431 1625 modestiam
456 1582 523 1626 non
549 1564 798 1639 obtineantur”‚
824 1585 902 1628 nam
926 1585 1044 1628 revera
1068 1564 1233 1628 nihildum
1254 1566 1337 1629 mili·

141 1690 195 1744 tes
222 1682 503 1765 „expresserunt”
527 1685 587 1746 nisi
613 1692 651 1746 ut
674 1685 804 1747 iuvenis
828 1684 883 1747 ille
906 1693 1021 1747 orator
1041 1684 1196 1767 publicae
1217 1705 1338 1748 causae

143 1803 345 1865 mitteretur.
377 1801 446 1866 Sed
478 1802 555 1865 hinc
588 1804 668 1866 dum
699 1803 891 1887 generalem
917 1804 1091 1866 deducunt
1114 1805 1336 1867 sententiam:

146 1923 241 2005 ,plns
273 1924 474 1985 necessitate
504 1943 606 2004 quam
639 1924 807 1987 modestia
835 1923 1042 2006 proficitur”,
1066 1924 1164 1987 simul
1188 1924 1253 1987 sibi
1278 1924 1338 1988 fin·

141 2051 226 2124 gunt
247 2043 461 2125 impetratum
482 2043 549 2106 iam
569 2045 748 2124 essequod
769 2052 946 2124 rogaturus
966 2044 1068 2107 etiam
1089 2043 1144 2107 ille
1159 2053 1219 2120 est,
1234 2053 1337 2126 atque

142 2161 177 2224 id
201 2161 350 2242 generali
375 2160 421 2223 illi
445 2163 634 2224 sententiae
659 2162 847 2225 innectunt.

187 2281 280 2343 Ann.
306 2281 367 2358 IV,
392 2282 444 2344 62.
470 2281 622 2345 Fidenae
646 2281 935 2364 amphitheatrum
959 2283 1085 2346 corruit
1108 2291 1143 2345 et
1164 2283 1336 2364 ingentem

143 2401 373 2484 spectantium
399 2401 649 2465 multitudinem
673 2402 801 2483 operit:

192 2520 258 2600 ,Et
282 2520 328 2583 illi
353 2522 502 2602 quidem,
527 2540 612 2603 quos
636 2520 838 2603 principium
863 2521 983 2602 stragis
1007 2522 1040 2584 in
1065 2530 1209 2584 mortem
1231 2522 1336 2585 afflix-

142 2650 227 2716 erat,
252 2649 289 2703 ut
312 2640 371 2704 tali
395 2649 495 2716 sorte,
516 2641 702 2704 cruciatum
723 2640 887 2723 effugere:
911 2642 1090 2705 miserandi
1113 2644 1229 2724 magis,
1250 2663 1336 2724 quos

138 2761 289 2843 abrupta
313 2769 410 2843 parte
433 2761 584 2842 corporis
609 2761 760 2823 nondum
786 2762 856 2823 vita
879 2761 1105 2824 deseruerat”.
1187 2822 1190 2828 .

188 2879 381 2944 Cruciatum
413 2879 533 2962 aliquis
564 2879 676 2943 subita
704 2889 813 2944 morte
830 2881 932 2963 plane
955 2880 1082 2963 effugit,
1107 2889 1151 2955 et,
1176 2882 1202 2943 si
1227 2901 1335 2963 gram-

140 3001 289 3064 maticae
320 3000 485 3062 rationem
516 2999 691 3074 habemus,
716 2999 869 3081 ineptum
894 3009 945 3062 est
969 3000 1134 3064 eiusmodi
1159 3001 1335 3064 enuntiato

137 3121 269 3184 addere
293 3120 420 3202 aliquid
446 3119 537 3202 quod
558 3119 626 3181 vim
646 3118 771 3183 habeat
793 3120 966 3183 minuendi
987 3121 1036 3202 (ut
1054 3121 1118 3184 talz¹
1134 3122 1243 3203 sorte).
1265 3118 1333 3184 Sed

139 3240 283 3304 Tacitus
307 3239 530 3302 bimembrem
556 3239 643 3302 hanc
667 3239 870 3302 sententiam
895 3240 929 3301 in
954 3260 1055 3303 unam
1079 3239 1266 3303 contrahit:

187 3369 224 3422 ut
259 3359 319 3422 tali
353 3368 443 3422 sorte
478 3358 592 3422 felices
628 3366 724 3422 erant
758 3360 995 3441 praedicandi:
1027 3361 1212 3423 cruciatum
1243 3361 1333 3422 enim

137 3479 302 3563 effugere.

187 3597 403 3663 Simillimum
427 3607 479 3661 est
503 3598 595 3680 quod
621 3596 721 3680 paulo
746 3605 823 3679 post
846 3597 969 3680 legitur
992 3617 1020 3659 c.
1045 3597 1103 3677 63:

190 3717 368 3798 ,Ceterum
395 3717 458 3780 sub
482 3727 654 3780 recentem
678 3715 811 3780 cladem
836 3725 975 3799 patuere
1000 3734 1177 3797 procerum
1201 3717 1332 3792 domus,

136 3839 294 3902 fomenta
326 3846 361 3900 et
392 3837 515 3900 medici
548 3837 672 3918 passim
704 3835 866 3918 praebiti;
899 3833 1029 3914 fuitque
1060 3833 1140 3895 urbs
1171 3853 1232 3915 per
1261 3833 1335 3896 illos

135 3958 225 4030 dies,
257 3975 463 4039 quamquam
489 3963 617 4018 maesta
642 3954 738 4029 facie,
762 3963 915 4016 veterum
941 3953 1102 4015 institutis
1125 3952 1251 4029 similis,
1277 3955 1333 4035 qui

135 4095 265 4157 magna
293 4083 370 4158 post
394 4074 523 4157 proelia
546 4075 677 4137 saucios
701 4073 878 4155 largitione
903 4081 937 4135 et
962 4093 1041 4136 cura
1065 4072 1333 4136 sustentabant’'.

186 4197 321 4260 Revera
351 4195 384 4258 in
416 4194 474 4258 illo
498 4207 623 4258 maesta
647 4195 743 4275 facie
774 4192 856 4256 nihil
887 4195 1054 4276 estquod
1080 4191 1334 4257 similitudinem

134 4317 232 4382 illam
265 4315 461 4390 imminuat;
494 4334 572 4377 nam
601 4313 704 4376 etiam
731 4320 807 4395 post
833 4333 955 4395 magna
979 4313 1107 4397 proelia
1132 4334 1199 4376 non
1224 4314 1334 4376 minus

134 4445 191 4501 est
217 4435 409 4498 moestitiae
430 4436 463 4498 in
485 4434 567 4497 urbe
588 4453 689 4515 quam
711 4442 792 4495 tunc
812 4441 890 4514 post
909 4432 1052 4508 cladem,
1073 4454 1160 4515 quae
1182 4434 1333 4497 Fidenae
