3248 5230
641 433 701 499 271

82 594 216 656 monitis
239 613 281 655 eo
306 612 358 654 res
382 592 561 655 deducitur
586 600 622 653 ut
646 611 665 652 e
690 590 800 655 Ponto
826 611 915 654 nova
938 590 1055 673 religio
1075 591 1108 654 in
1130 590 1272 674 Aegyp-

83 721 152 775 tum
176 711 405 776 transferatur.

126 953 168 1016 H.
193 953 237 1028 II,
267 953 315 1015 16.
348 952 411 1014 Per
435 951 504 1014 vim
530 950 702 1013 Decumus
726 949 881 1012 Pacarius
905 957 1103 1031 procurator
1126 950 1269 1013 insulam

83 1071 261 1146 Corsicam,
293 1091 380 1152 quae
411 1070 575 1133 hactenus
607 1069 746 1148 Othoni
763 1067 871 1132 fidelis
896 1076 1075 1144 manserat,
1099 1069 1133 1132 in
1158 1078 1271 1152 partes

84 1192 208 1255 Vitellii
228 1192 405 1254 traducere
426 1199 547 1254 tentat.
569 1189 755 1254 Consilium
777 1190 881 1253 habet
901 1190 1102 1272 principum,
1117 1191 1270 1274 duosque

83 1312 252 1393 copiarum
275 1312 379 1374 duces
403 1309 658 1373 contradicere
682 1329 780 1372 ausos
804 1308 947 1372 interfici
972 1309 1082 1372 iubet:

128 1429 297 1511 ,Quorum
318 1437 427 1493 morte
445 1429 610 1504 exterriti,
631 1428 688 1510 qui
709 1429 860 1503 aderant,
882 1428 980 1491 simul
994 1429 1109 1509 ignara
1122 1437 1156 1491 et
1169 1428 1269 1492 alieni

85 1556 187 1611 metus
211 1549 303 1611 socia
327 1549 570 1631 imperatorum
594 1548 695 1611 turba
717 1549 752 1610 in
777 1547 882 1610 verba
907 1547 1037 1611 Vitellii
1062 1549 1247 1612 iuravere.”

124 1668 369 1751 Imperatorum
414 1676 464 1730 est
504 1667 537 1730 in
574 1667 709 1742 codice;
747 1686 836 1730 nunc
873 1667 1072 1749 plerumque
1108 1668 1271 1750 probatur

84 1795 211 1851 vetusta
231 1789 397 1851 correctio
417 1788 659 1871 imperitorum.
685 1784 796 1868 Quam
821 1787 936 1869 inepte
958 1788 1126 1878 diceretur
1145 1789 1270 1872 igmra

85 1906 307 1988 imperitorum
342 1905 458 1982 turba,
501 1926 603 1988 quam
645 1906 792 1968 absurda
827 1926 867 1968 ea
902 1915 989 1968 esset
1024 1915 1127 1989 atque
1161 1908 1270 1970 inanis

86 2027 259 2089 verborum
291 2027 428 2090 ubertas
458 2027 600 2089 sensisse
633 2025 768 2088 videtur
800 2044 911 2090 nemo,
943 2026 1023 2088 Fuit
1054 2028 1198 2089 eumad
1223 2028 1270 2091 vi-

86 2147 217 2208 tandam
250 2147 349 2209 istam
381 2145 603 2227 tautologiam
640 2164 702 2227 pro
741 2145 865 2226 ignara
900 2145 1082 2227 legendum
1115 2155 1269 2228 putarem

87 2264 212 2346 ignava,
237 2266 297 2328 sed
322 2265 422 2348 longe
448 2265 586 2329 meliora
611 2285 665 2328 me
688 2285 774 2328 unus
794 2287 813 2328 e
834 2266 1122 2330 commilitonibus
1143 2268 1270 2342 docuit,

87 2386 172 2448 cuius
203 2384 432 2448 felicissimum
462 2385 639 2447 inventum
663 2383 808 2446 libenter
833 2384 886 2447 hic
911 2404 1013 2465 pono.
1039 2385 1071 2446 ls
1096 2386 1186 2449 enim
1210 2387 1270 2450 im·

82 2515 269 2582 paratorum
305 2504 521 2566 retinendum
555 2505 614 2566 sed
650 2504 766 2566 statim
801 2512 879 2586 post
914 2504 1039 2587 ignara
1071 2507 1268 2586 ponendum

87 2623 178 2687 vidit:
218 2625 354 2706 „ignara
388 2624 631 2705 imperatorum
666 2631 701 2686 et
736 2622 836 2685 alieni
873 2631 983 2686 metus
1014 2625 1106 2687 socia
1137 2624 1268 2687 turba.”

87 2740 224 2806 Insulani
257 2743 311 2806 isti
344 2743 401 2805 vix
433 2743 507 2824 ipsa
530 2741 677 2806 Othonis
702 2741 900 2825 Vitelliique
924 2743 1061 2807 nomina
1085 2753 1267 2822 noverant;

87 2871 169 2926 certe
192 2872 267 2926 uter
291 2863 386 2944 peior
410 2869 498 2924 esset
522 2863 707 2944 imperator
732 2862 832 2943 plane
857 2863 1060 2943 ignorabant
1076 2863 1108 2945 ¹).

127 3100 167 3164 H.
189 3101 231 3177 II,
256 3118 306 3183 32.
331 3101 529 3165 Coniunctis
549 3100 715 3164 Caecinae
736 3109 770 3163 et
791 3101 946 3164 Valentis
967 3103 1073 3183 copiis
1095 3102 1269 3166 Vitelliani

88 3223 228 3285 certandi
253 3223 375 3284 ardent
397 3241 528 3296 amore;
554 3220 741 3284 Othoniani
766 3230 877 3284 utrum
898 3223 1012 3285 statim
1033 3223 1066 3284 in
1088 3224 1267 3287 discrimen

89 3358 149 3403 rem
168 3343 340 3404 adducant
359 3362 401 3405 an
423 3349 624 3422 exspectent
646 3341 749 3403 etiam
770 3340 969 3404 deliberant.
992 3331 1068 3405 Hoc
1087 3341 1269 3407 Suetonius

88 3454 234 3524 Paulinus
263 3461 403 3524 suadet:
434 3480 530 3523 mora
562 3460 809 3523 exhauriendas
841 3460 989 3524 hostium
1021 3462 1109 3525 vires
1140 3473 1267 3540 censet,

88 3593 173 3641 suum
204 3581 294 3642 enim
326 3580 513 3642 exercitum
538 3579 658 3642 eadem
683 3599 885 3643 accrescere.
911 3581 993 3644 Eius
1017 3582 1121 3645 verba
1145 3591 1180 3645 et
1203 3582 1268 3647 alia

88 3706 212 3761 suntet
236 3698 339 3762 haec:

127 3818 261 3896 ,Paucis
284 3818 405 3881 diebus
428 3827 584 3900 quartam
605 3818 773 3881 decimam
792 3817 962 3900 legionem
983 3842 1140 3904 magnam
1161 3823 1266 3904 ipsam

83 3933 217 4013 samam,
243 3938 401 4000 Moesicis
425 3957 501 4000 cum
526 3938 633 4019 copiis
656 3937 806 4001 adsore.”

124 4053 175 4119 Sic
196 4065 246 4120 est
267 4058 300 4120 in
321 4057 450 4119 codice.
473 4057 637 4119 Probatur
658 4055 726 4118 fere
748 4055 892 4119 Candidi
912 4059 1123 4122 emendatio:
1143 4083 1267 4145 magna

88 4170 181 4251 ipsam
197 4179 312 4261 fama.
338 4177 528 4259 Perperam,
555 4184 590 4239 ut
615 4176 746 4257 opinor.
773 4175 865 4238 Nihil
889 4178 980 4241 enim
1004 4181 1155 4261 sequitur
1173 4184 1265 4263 quod

90 4334 270 4350 *¹*

119 4435 140 4501 1)
150 4438 247 4486 Auctor
256 4436 434 4502 lepidissime
445 4437 634 4488 emendationis
645 4438 677 4485 A.
689 4437 819 4486 Romans
829 4447 884 4485 vert
896 4447 950 4485 nan
962 4437 1051 4486 Losrr'
1060 4439 1099 4488 lit.
1109 4438 1179 4488 hum.
1189 4438 1266 4490 caud.
