3228 5236
618 426 622 435 ’
684 455 744 521 177

115 616 219 678 nimis
243 615 340 678 exilis
363 615 402 678 fit
426 617 591 693 narratio;
617 618 713 682 deest
737 619 826 681 enim
842 665 848 680 .
864 666 894 680 ..
915 618 1017 700 quid?
1041 619 1175 701 Nempe
1196 641 1306 694 causa,

115 742 273 797 curtam
297 755 417 817 parum
440 735 548 799 solide
571 736 802 799 aedificaverit
827 737 962 800 Atilius.
998 737 1059 800 llla
1081 747 1195 802 autem
1220 759 1307 820 quae

115 873 192 916 esse
226 855 335 936 potuit
367 863 566 936 praeter...
589 853 860 939 festinationem?
897 856 988 938 Ergo
1013 865 1090 938 post
1112 880 1175 939 quo
1199 858 1307 920 insere

113 973 215 1035 citius
244 972 309 1054 (vel
333 973 491 1056 celerias),
516 974 638 1037 iustam
663 973 805 1036 habebis
830 976 1057 1037 narrationem
1080 983 1115 1037 et
1139 976 1226 1039 bene
1250 976 1307 1039 de·

113 1099 321 1154 currentem.

165 1207 359 1291 Sequuntur
384 1211 485 1275 haec:

165 1328 373 1410 ,Adduxere
396 1331 486 1395 avidi
506 1331 636 1407 talium,
656 1332 874 1414 imperitante
894 1331 1032 1395 Tiberio
1053 1332 1170 1414 procul
1190 1331 1307 1416 volup·

113 1449 248 1512 tatibus
284 1449 409 1526 habiti,
444 1452 539 1514 virile
575 1472 614 1542 ac
650 1452 814 1515 muliebre
848 1471 962 1528 secus,
996 1453 1107 1514 omnis
1136 1460 1231 1515 aetas
1262 1453 1307 1515 ob

113 1569 411 1652 propinquitatem
435 1570 500 1633 loci
524 1571 694 1634 effusius.'’

162 1688 204 1750 In
238 1689 357 1751 codice
393 1709 460 1752 non
490 1698 542 1752 est
572 1691 721 1773 effusius,
753 1691 813 1752 sed
845 1691 980 1773 effusus.
1010 1690 1061 1753 At
1090 1690 1195 1773 Lipsii
1226 1689 1307 1754 illud

112 1807 275 1888 effusius,
310 1809 402 1889 quod
439 1828 527 1872 nunc
563 1809 763 1891 plerumque
800 1809 969 1892 recipitur,
1006 1809 1087 1890 quid
1119 1809 1308 1891 significare

112 1924 245 1988 debet?
281 1926 356 1989 An:
385 1927 568 2002 ardentius,
598 1929 725 1992 maiore
753 1928 861 1992 stadio
890 1925 1019 1992 simml
1051 1927 1128 1990 Non
1155 1947 1242 2010 nego
1267 1947 1307 1990 eo

112 2065 219 2108 sensu
256 2045 409 2108 adhiberi
442 2046 523 2109 illud
549 2067 658 2128 posse.
702 2046 769 2110 Sed
794 2067 862 2128 quo
886 2045 1062 2110 reserenda
1085 2049 1129 2110 sit
1153 2047 1208 2110 illa
1232 2067 1308 2129 pro·

112 2164 255 2226 ximitas
278 2164 344 2226 loci
369 2164 490 2228 frustra
514 2185 651 2247 quaero.
678 2166 730 2228 De
754 2165 950 2247 municipio,
975 2166 1068 2247 quod
1093 2166 1171 2229 nrbi
1187 2167 1311 2230 Romae

112 2287 161 2348 sit
198 2285 444 2367 propinquum,
475 2305 666 2348 sermonem
696 2305 769 2348 esse
797 2305 818 2346 a
848 2285 1040 2366 legentibus
1069 2286 1127 2348 vix
1156 2287 1309 2349 sentitur.

114 2401 337 2485 Quapropter
359 2423 427 2467 non
451 2405 484 2466 in
507 2404 647 2486 effusius
664 2424 781 2467 verum
800 2405 833 2466 in
852 2405 954 2487 effusi
969 2405 1129 2486 equidem
1147 2405 1311 2468 traditum

114 2523 210 2586 istud
234 2523 360 2604 effusas
383 2523 595 2585 mutaverim.
629 2522 744 2585 Verba
768 2522 805 2584 ab
822 2523 1104 2605 propinquitatem
1129 2522 1191 2586 laci
1212 2523 1313 2606 effusi

114 2652 200 2706 ante
241 2642 358 2706 oculos
394 2643 492 2705 nobis
526 2651 659 2724 ponunt
694 2641 830 2724 plebem
866 2643 1057 2705 Romanam
1092 2642 1126 2705 in
1161 2643 1310 2705 vicinum

115 2769 276 2825 ruentem
300 2762 476 2844 oppidum.

166 2879 316 2942 Maxime
350 2881 531 2944 miserandi
567 2888 680 2955 erant,
715 2881 772 2962 qui
809 2881 909 2944 laceri
944 2881 1004 2943 sed
1035 2889 1149 2944 tamen
1179 2883 1247 2944 vivi
1277 2882 1311 2945 in

115 3000 217 3062 ruina
240 2998 296 3062 illa
319 2999 490 3063 iacebant:

170 3119 247 3200 ,qui
271 3139 331 3201 per
354 3120 445 3182 diem
469 3120 552 3193 visu,
578 3139 638 3200 per
662 3123 799 3180 noctem·
822 3118 1005 3182 ululatibus
1029 3127 1064 3182 et
1085 3121 1213 3202 gemitu
1232 3141 1311 3183 con·

116 3239 218 3320 iuges
240 3246 298 3301 aut
322 3238 446 3301 liberos
470 3236 690 3300 noscebant.”

167 3356 233 3418 Pro
250 3357 419 3421 noscebant
434 3357 617 3439 legendum
637 3376 709 3418 esse
720 3357 896 3438 pascebant
912 3358 945 3420 in
960 3358 1185 3440 Mnemosyne
1200 3359 1313 3443 (1894)

118 3475 206 3550 dixi,
239 3475 525 3559 vehementerque
557 3475 647 3539 illam
679 3476 954 3539 emendationem
984 3476 1142 3558 probavit
1167 3477 1313 3540 Vlietius

120 3613 230 3669 meus,
251 3615 353 3677 quem
371 3602 479 3658 morte
498 3595 597 3658 nobis
616 3603 771 3677 ereptum
785 3595 938 3677 lugemus
951 3603 1120 3675 quotquot
1131 3595 1314 3657 candidum

119 3714 198 3776 eius
232 3721 351 3795 pectus
384 3714 571 3776 amavimus
602 3722 636 3776 et
668 3714 793 3795 ingenii
825 3731 966 3774 acumen
998 3711 1155 3773 admirati
1187 3731 1312 3773 sumus.

120 3831 248 3894 Postea
279 3832 313 3894 in
346 3831 468 3894 Ritteri
500 3833 651 3895 editione
682 3831 751 3894 vidi
782 3831 849 3892 iam
874 3827 1099 3891 Nevi0.idem
1124 3830 1256 3892 venisse
1279 3830 1313 3892 in

122 3957 288 4014 mentem.
311 3947 413 4014 Haud
434 3959 563 4014 temere
579 3970 660 4031 ergo
673 3949 753 4012 illud
762 3948 935 4031 pascebant
947 3947 1141 4010 etiamnunc
1154 3947 1313 4025 delendo,

119 4089 203 4134 cum
227 4070 425 4152 praesertim
449 4091 536 4151 quae
560 4077 678 4132 contra
701 4075 779 4130 sunt
802 4065 904 4128 allata
929 4064 1154 4129 infirmissima
1177 4065 1314 4128 videan-

121 4199 191 4254 tur.
226 4189 339 4252 Primo
370 4197 509 4270 aspectu
543 4189 687 4252 traditae
718 4185 854 4248 lectioni
886 4184 1048 4248 auxilium
1073 4185 1157 4248 ferre
1180 4185 1315 4248 videtur

122 4308 220 4390 quod
244 4307 335 4389 apud
361 4308 506 4370 Plinium
531 4308 595 4390 Ep.
621 4306 683 4382 Vl,
709 4321 751 4370 20
774 4303 905 4387 legitur,
930 4305 987 4368 ubi
1012 4306 1046 4370 in
1070 4305 1186 4370 similis
1211 4304 1316 4367 cladis

125 4428 320 4491 narratione
343 4426 428 4490 haec
452 4427 574 4491 habes:

1175 4555 1206 4595 ια
