3266 5238
910 475 955 556 96

339 650 485 725 deretur,
499 659 535 712 et
547 672 613 732 qua
618 654 699 734 fere
710 653 872 715 occasione
884 651 973 714 hunc
987 652 1115 734 ceperit
1128 653 1304 734 impetum,
1317 651 1381 714 hoc
1393 671 1538 733 quoque

339 769 420 831 satis
444 777 495 831 est
518 771 744 852 perspicuum,
768 769 847 832 licet
869 770 1053 833 absurdum
1077 770 1121 833 sit
1144 771 1281 836 ardente
1302 771 1395 833 ιίοηιο
1419 790 1538 851 neque

340 889 451 951 adhuc
483 888 708 970 ,probabiliter
741 890 972 952 emendatum.
1004 889 1053 951 At
1084 889 1198 952 subito
1229 891 1293 952 ista
1324 889 1539 972 impunitatis

340 1009 455 1092 cupido
491 1029 552 1071 nos
584 1008 627 1070 de
657 1009 723 1072 alia
754 1030 865 1072 rerum
895 1009 1097 1072 condicione
1128 1010 1277 1092 cogitare
1308 1010 1420 1072 iubet:
1452 1017 1538 1072 ante

341 1129 458 1192 oculos
481 1135 614 1190 nostros
634 1148 723 1191 nunc
742 1136 811 1191 stat
830 1128 962 1210 aliquis,
982 1131 1039 1211 qui
1060 1137 1098 1192 ut
1117 1129 1189 1211 ipse
1210 1128 1367 1192 facinoris
1387 1149 1539 1211 poenam

342 1247 491 1330 effugiat,
521 1247 662 1310 conscios
691 1267 766 1311 suos
792 1248 934 1311 indicat:
959 1248 1143 1311 absurdum
1167 1249 1259 1311 enim
1283 1257 1335 1310 est
1359 1247 1541 1311 consilium

342 1366 480 1448 aliquod
514 1365 653 1448 periculi
677 1366 827 1448 plenum,
851 1366 944 1448 quod
968 1367 1057 1430 nullo
1081 1369 1204 1430 conscio
1228 1369 1368 1449 ceperis,
1393 1367 1542 1448 impuni-

343 1487 423 1550 tatis
441 1485 601 1567 cupidine
618 1486 757 1548 missum
775 1485 895 1548 iacere.
915 1486 1051 1568 Ergone
1064 1485 1206 1548 fortasse
1219 1487 1324 1548 totius
1338 1485 1544 1549 narrationis

344 1604 428 1667 haec
451 1612 503 1666 est
526 1605 710 1667 sententia:
740 1605 825 1684 „iam
848 1604 955 1668 multo
978 1613 1081 1668 antea
1105 1605 1231 1668 Flavus
1250 1605 1341 1668 solus
1360 1605 1542 1668 consilium

343 1733 491 1807 ceperat,
516 1724 574 1787 ubi
598 1725 708 1806 prima
731 1725 868 1787 daretur
891 1724 1043 1801 facultas,
1067 1745 1127 1788 sua
1148 1745 1248 1789 manu
1269 1725 1447 1788 occidendi
1467 1724 1543 1786 Ne-

344 1847 435 1908 ronis
459 1845 517 1927 (sic
541 1853 632 1907 certe
656 1844 789 1925 fertur);
814 1845 874 1906 sed
900 1865 935 1907 re
957 1845 1147 1907 accuratius
1170 1846 1340 1926 pensitata
1363 1844 1482 1907 melius
1509 1845 1541 1906 ei

345 1968 455 2029 visum
484 1975 546 2040 est,
570 1985 648 2028 cum
671 1965 753 2040 aliis,
778 1966 805 2027 si
830 1966 927 2028 huius
951 1966 998 2028 rei
1023 1965 1160 2029 daretur
1184 1965 1335 2040 facultas,
1360 1965 1543 2028 consilium

346 2086 614 2150 communicaret
642 2085 689 2148 sic
714 2085 804 2148 enim
829 2094 907 2167 post
930 2086 1040 2148 socios
1064 2085 1169 2148 latere
1193 2106 1228 2148 se
1253 2106 1353 2168 posse
1377 2085 1546 2148 credebat

347 2206 411 2281 vel,
432 2207 458 2268 si
478 2225 531 2269 res
551 2213 670 2268 contra
689 2207 837 2280 caderet,
859 2205 933 2268 illos
954 2205 1113 2280 indicare,
1134 2206 1281 2287 denique
1302 2205 1414 2287 aliquo
1436 2205 1547 2267 modo

347 2326 411 2388 sibi
436 2345 555 2408 parare
579 2323 854 2407 impunitatem’'?
937 2390 942 2404 ,

393 2445 436 2507 Α.
467 2443 545 2520 XV,
577 2461 629 2527 71.
662 2444 792 2507 Pisonis
823 2445 922 2506 sociis
953 2445 1035 2526 quid
1066 2444 1278 2527 deprehensa
1310 2444 1551 2507 coniuratione

346 2564 510 2628 acciderit
534 2573 568 2626 et
591 2564 664 2626 aliis
690 2573 842 2626 narratur
866 2564 978 2626 verbis
1002 2573 1037 2626 et
1061 2565 1170 2627 hisce:

395 2684 444 2764 „E
468 2684 611 2746 tribunis
634 2683 760 2747 Gavius
784 2683 950 2758 Silvanus,
975 2685 1130 2766 quamvis
1153 2683 1338 2758 absolutus
1358 2703 1418 2746 sua
1438 2703 1551 2746 manu
1628 2709 1629 2786 ss

347 2804 487 2880 cecidit;
513 2801 641 2867 Statius
666 2803 841 2866 Proximus
865 2804 1010 2879 veniam,
1034 2823 1137 2885 quam
1157 2803 1201 2866 ab
1221 2805 1426 2886 imperatore
1446 2823 1553 2866 acce·
1628 2887 1629 2892 ἵ

350 2933 456 3006 perat,
480 2924 631 2987 vanitate
655 2924 766 2986 exitus
790 2922 973 3006 corrupit''.

396 3043 449 3105 Ne
479 3043 523 3104 de
554 3051 698 3123 utroque
729 3041 803 3105 aliis
833 3042 945 3104 verbis
976 3061 1111 3123 prorsus
1142 3042 1233 3106 idem
1257 3049 1457 3117 narraretur,
1483 3043 1556 3106 viri

352 3162 444 3225 docti
477 3162 590 3224 nescio
623 3162 704 3243 quid
737 3147 899 3224 interesse
929 3161 1017 3223 inter
1040 3161 1166 3225 absolvi
1188 3171 1223 3224 et
1246 3163 1375 3225 veniam
1398 3163 1558 3246 accepere

351 3281 536 3348 commenti
557 3289 645 3342 sunt.
666 3280 716 3342 At
736 3299 800 3362 ego
821 3299 943 3342 censeo
963 3289 1075 3343 aetate
1097 3281 1325 3363 imperatoria,
1346 3283 1557 3365 praesertim

351 3405 466 3460 autem
497 3398 686 3480 imperante
719 3397 866 3472 Nerone,
897 3398 998 3480 plane
1029 3401 1152 3462 eodem
1183 3409 1363 3482 utrumque
1388 3401 1558 3465 rediisse:
1628 3461 1629 3482 ¹

352 3536 454 3598 quem
479 3536 547 3579 non
572 3517 644 3599 ipse
668 3517 853 3598 imperator
877 3515 1081 3579 incolumem
1106 3537 1179 3580 esse
1203 3518 1285 3594 vult,
1306 3519 1349 3581 de
1369 3539 1410 3581 eo
1430 3527 1559 3584 actum

351 3644 413 3699 est.
445 3635 566 3698 Restat
596 3655 677 3716 ergo
710 3642 746 3696 ut
778 3655 845 3696 non
877 3634 968 3696 idem
1000 3654 1073 3697 esse
1104 3644 1292 3698 statuamus
1315 3637 1408 3718 quod
1433 3637 1561 3701 verbis

351 3776 413 3819 sua
443 3776 543 3818 manu
574 3754 689 3818 cecidit
713 3761 747 3815 et
771 3753 863 3833 quod
889 3752 1001 3815 verbis
1024 3755 1171 3818 vanitate
1194 3757 1303 3820 exitus
1326 3754 1560 3838 significatur.
1628 3819 1629 3824 ,

354 3875 475 3955 Neque
510 3883 591 3936 tunc
626 3870 824 3935 incredibile
860 3870 987 3958 aliquid
1023 3874 1218 3936 statuimus:
1255 3894 1333 3937 nam
1368 3875 1441 3956 ipsa
1477 3895 1561 3939 vox
1628 3847 1629 3876 ἒ

352 3993 485 4056 vanitas
504 3993 716 4054 demonstrat
736 4011 804 4052 non
825 3991 904 4052 ideo
924 3991 1126 4071 reprehendi
1146 3993 1323 4055 Proculum
1343 3992 1446 4074 quod,
1469 4012 1561 4058 cum

354 4113 468 4174 vivere
492 4118 617 4193 posset,
643 4111 727 4172 mori
753 4109 917 4182 maluerit,
939 4110 999 4171 sed
1019 4111 1111 4190 quod
1132 4110 1189 4173 illo
1208 4112 1301 4174 modo
1322 4120 1475 4174 mortuus
1493 4114 1562 4177 sit.

355 4233 428 4295 Iam
458 4230 513 4292 ille
542 4230 662 4291 modus
686 4231 761 4311 quis
785 4229 884 4292 luerit
908 4247 970 4291 nos
993 4228 1093 4291 latet:
1118 4250 1196 4293 cum
1221 4231 1337 4293 ultima
1362 4231 1563 4297 Annalium

356 4358 452 4432 parte
471 4347 558 4410 illius
575 4348 622 4410 rei
640 4350 787 4410 narratio
806 4347 920 4430 periit;
938 4368 1042 4410 unum
1055 4347 1120 4411 hoc
1133 4369 1264 4412 sumere
1277 4350 1356 4413 licet
1371 4350 1564 4416 Proculum

356 4468 399 4529 ad
429 4467 668 4529 ostentandam
692 4467 851 4528 virtutem
876 4464 993 4528 inutile
1016 4467 1154 4549 aliquod
1177 4469 1300 4531 adiisse
1325 4468 1530 4551 periculum.
