3258 5240
1047 661 1135 714 *nra
1159 656 1318 717 emenda-

1165 775 1204 834 rit
1227 774 1318 836 inve·

1268 895 1317 954 rit

1240 1375 1318 1434 ¹&ive

1189 1495 1319 1572 pridem

1139 1636 1200 1689 ¹xc.
1228 1613 1319 1694 Ergo

1111 1762 1114 1785 ι
1148 1731 1245 1794 nobis
1269 1739 1320 1794 est

1084 1851 1196 1911 mauris
1228 1849 1320 1912 cubi·

1059 1971 1143 2031 hanc
1164 1968 1321 2032 lubenter

1023 2091 1105 2162 ricia,
1131 2090 1174 2151 de
1198 2089 1321 2171 quibus

974 2217 1040 2269 unt
1065 2207 1203 2289 aliquid,
1228 2209 1320 2289 quod

944 2342 988 2387 nn
1013 2348 1114 2408 quam
1140 2329 1323 2391 emendata

863 2573 1005 2627 .rnntur
1029 2565 1073 2627 A.
1099 2565 1159 2640 III,
1186 2583 1205 2649 7
1231 2567 1322 2630 vide·

835 2718 853 2739 =›
880 2685 1049 2766 quaesisse
1074 2687 1202 2748 exitum
1228 2707 1322 2769 prae·

802 2818 824 2864 :r
850 2805 1000 2866 omnium
1024 2805 1127 2867 animi
1153 2807 1323 2887 petendae

768 2945 830 2984 <no
857 2945 994 2987 necasse
1016 2924 1204 3007 dicebatur)
1229 2925 1323 3006 „ulti-

691 3185 748 3243 per
767 3184 911 3226 amoena
931 3162 1036 3228 Asiae
1055 3174 1157 3247 atque
1171 3164 1324 3230 Achaiae

645 3328 650 3342 r
678 3283 841 3346 scelerum
861 3284 1081 3366 probationes
1101 3285 1324 3349 subverteret.

633 3425 673 3473 m,
697 3413 732 3464 ut
753 3402 833 3478 dixi,
854 3422 874 3465 a
895 3402 956 3466 Cn.
977 3402 1096 3468 Sentio
1117 3405 1186 3486 (qui
1205 3403 1323 3486 Syriae

601 3543 677 3596 -sor,
713 3520 754 3584 cs.
791 3522 834 3597 11,
871 3523 926 3606 74)
956 3522 1121 3586 famosam
1154 3522 1325 3586 veneficiis

572 3660 603 3702 tc
642 3641 808 3704 Brundisii
840 3641 1055 3715 exstinctam,
1088 3660 1325 3720 venenumque

543 3759 761 3834 occultatum,
798 3780 859 3823 nec
893 3758 959 3820 ulla
990 3758 1024 3820 in
1056 3777 1198 3839 corpore
1229 3757 1325 3839 signa

503 3879 568 3940 ·.''.1

511 4021 541 4059 m
567 3999 628 4061 sibi
654 3995 794 4062 volunt?
815 3997 1066 4079 Argumentum
1086 3997 1152 4061 loci
1172 3997 1237 4061 huc
1258 3997 1327 4062 fere

475 4119 646 4197 ¹remeius:
672 4117 848 4198 „Martina
869 4137 1076 4200 quamquam
1098 4119 1238 4182 dubium
1260 4138 1327 4181 non

449 4259 502 4298 mn
528 4238 725 4320 sumpsisset
750 4236 827 4320 (hoc
852 4238 942 4300 enim
967 4259 1041 4301 eam
1062 4259 1198 4321 semper
1218 4238 1328 4300 occul-

438 4359 560 4418 rbuisse
586 4358 689 4419 modo
714 4366 787 4420 erat
810 4359 997 4440 cognitum)
1023 4366 1138 4421 tamen
1163 4357 1328 4420 eiusmodi

414 4479 529 4538 [bebat
554 4479 587 4540 in
612 4498 754 4560 corpore
778 4477 875 4560 signa
899 4487 1033 4562 aperta;
1059 4478 1224 4541 habuerat
1249 4497 1329 4560 ergo
