3248 5230
638 1303 770 1366 XVIII.

144 1590 194 1639 AD
217 1589 288 1639 SEX
312 1588 514 1640 ANNALIUM
538 1587 668 1638 LIBROS
692 1587 946 1638 POSTERIORES
969 1587 1264 1639 ANNOTATIONES

612 1707 764 1757 VARIAE.

155 1937 197 2000 A.
222 1935 283 2012 XI,
313 1953 361 2001 ιο.
395 1935 507 1999 Morte
531 1934 701 1999 Vardanis
730 1936 851 1999 turbae
883 1935 970 1999 inter
994 1935 1136 2000 Parthos
1159 1938 1202 2000 de
1226 1956 1298 2000 suc·

111 2076 239 2120 cessore
264 2056 336 2120 eius
359 2065 454 2119 ortae
477 2064 570 2119 sunt:

157 2175 274 2256 ,Multi
305 2176 349 2239 ad
381 2175 551 2239 Gotarzen
575 2175 795 2249 inclinabant,
819 2176 958 2258 quidam
983 2175 1026 2238 ad
1051 2175 1298 2250 Meherdatem,

114 2295 237 2377 prolem
271 2295 434 2371 Phraatis,
465 2295 599 2359 obsidio
631 2295 730 2358 nobis
754 2296 882 2359 datum.
908 2295 996 2358 Dein
1021 2295 1210 2378 praevaluit
1232 2294 1300 2359 Go-

114 2423 232 2492 tarzes;
270 2415 467 2498 potitusque
498 2416 636 2498 regiam,
668 2434 728 2498 per
759 2415 935 2479 saevitiam
966 2435 1005 2478 ac
1036 2415 1153 2480 luxum
1185 2416 1301 2497 adegit

116 2533 252 2597 Parthos
287 2534 421 2597 mittere
457 2535 500 2597 ad
537 2535 725 2617 principem
761 2534 953 2598 Romanum
989 2533 1140 2598 occultas
1171 2554 1299 2618 preces,

115 2655 184 2734 quis
206 2654 359 2737 permitti
384 2653 621 2718 Meherdatem
646 2655 791 2736 patrium
815 2655 858 2718 ad
883 2654 1053 2736 fastigium
1078 2653 1255 2717 orabant.”

156 2774 192 2836 In
217 2795 302 2838 voce
326 2781 489 2856 quaeest
507 2773 663 2856 permitti
685 2773 845 2856 equidem
869 2773 1009 2849 haereo;
1035 2793 1113 2836 nam
1133 2773 1204 2836 sive
1224 2792 1300 2836 eam

116 2892 158 2954 sic
188 2892 374 2976 accipimus
404 2899 442 2954 ut
473 2892 535 2955 sit:
560 2893 641 2975 ipsis
658 2893 814 2975 permitti
836 2892 856 2955 i.
877 2913 906 2955 e.
930 2893 1013 2966 dari,
1038 2893 1137 2968 tradi,
1161 2893 1232 2955 sive
1257 2893 1300 2955 de

117 3029 154 3072 eo
174 3011 303 3074 dictum
327 3009 555 3093 intelligimus,
580 3012 634 3075 cui
657 3011 770 3094 aliqua
794 3012 849 3075 via
873 3012 920 3074 ire
940 3012 1138 3075 conceditur
1157 3008 1300 3094 (διὶέναι),

118 3139 230 3194 neutra
248 3130 450 3213 significatio
471 3130 538 3193 huc
557 3131 712 3213 quadrat.
733 3129 824 3212 Quid
844 3139 957 3194 autem
978 3129 1085 3194 obside
1102 3130 1216 3213 aliquo
1229 3131 1300 3194 fieri

117 3251 207 3312 amici
240 3250 311 3313 eius
343 3269 467 3333 cupere
498 3247 647 3313 debent?
672 3249 806 3332 Nempe
830 3250 958 3314 remitti
979 3270 1067 3312 eum.
1092 3249 1301 3314 Meherdatis

118 3389 192 3432 vero
215 3369 343 3432 amicos
365 3368 538 3451 postulare
562 3377 600 3431 ut
623 3370 672 3432 ad
684 3380 865 3452 paternum
882 3369 1069 3453 fastigium
1093 3370 1113 3432 i.
1127 3390 1156 3432 e.
1181 3371 1224 3434 ad
1245 3390 1300 3433 oc·

118 3491 304 3572 cupandum
337 3488 537 3551 Parthorum
567 3487 689 3550 solium
720 3487 916 3551 remittatur
945 3486 1001 3550 ille
1025 3507 1127 3570 quam
1153 3487 1301 3552 maxime

118 3617 376 3672 consentancum
399 3613 461 3670 est.

157 3847 198 3909 A.
224 3845 285 3921 XI,
311 3862 362 3927 33.
394 3842 656 3926 Comprehensis
680 3843 804 3906 iamet
829 3844 863 3906 in
887 3843 1021 3908 vincula
1044 3844 1207 3909 coniectis
1231 3845 1300 3928 ple·

119 3965 238 4047 risque,
273 3965 331 4047 qui
363 3964 477 4046 aliquo
509 3963 613 4026 modo
648 3962 895 4043 „matrimonii”
927 3961 999 4027 Silii
1031 3963 1301 4047 Messalinaeque

120 4087 234 4148 conscii
259 4083 401 4158 fuerant,
425 4092 541 4147 tamen
566 4082 718 4149 nondum
741 4083 775 4146 in
799 4083 875 4147 aula
896 4083 1027 4147 Claudii
1047 4103 1183 4147 securae
1205 4094 1301 4148 erant

121 4213 251 4280 mentes,
283 4204 481 4288 praesertim
514 4203 593 4285 quia
623 4203 657 4264 in
690 4201 786 4277 Geta,
816 4204 976 4286 praetorii
1001 4201 1182 4286 praesect0,
1208 4202 1298 4266 haud

120 4322 192 4384 satis
215 4323 372 4406 praesidii
396 4343 468 4385 esse
493 4321 693 4404 putabatur:

165 4443 269 4526 ,Ergo
293 4443 470 4506 Narcissus
493 4440 693 4523 adsumptis,
717 4441 839 4522 quibus
858 4441 949 4505 idern
971 4450 1090 4518 metus,
1112 4461 1179 4504 non
1200 4440 1300 4504 aliam
