3258 5240
923 431 963 492 28

348 607 512 691 paulatim
536 607 639 670 etiam
663 608 839 671 servilibus
865 608 1068 683 ministeriis,
1087 626 1120 684 p.
1138 605 1160 688 ¹)
1177 607 1405 690 intempestiva
1426 629 1540 671 nover-

347 749 403 791 cae
426 727 532 808 officio
556 729 590 791 in
614 727 762 791 ludibria
785 728 941 804 uertebat,
967 728 1156 811 intellegens
1171 727 1273 811 salsi.

392 845 459 928 Qui
484 847 537 910 hic
562 847 672 911 codici
696 848 974 931 obtemperantes
992 860 1057 932 per
1081 849 1198 923 edunt,
1222 848 1369 912 uertebat
1387 849 1542 911 intransi-

349 966 419 1029 tive
439 967 589 1049 positum
609 975 742 1049 putant,
762 977 801 1031 ut
820 969 934 1032 omnia
954 969 1001 1030 sic
1021 968 1089 1031 sint
1108 968 1290 1030 vertenda:
1312 967 1544 1048 „Britannicus

350 1087 468 1150 officiis
499 1086 563 1149 iliis
595 1107 772 1163 novercae,
804 1109 892 1170 quae
924 1088 1027 1170 ipsius
1052 1088 1197 1170 tempori
1222 1094 1325 1168 atque
1349 1088 1436 1149 tristi
1460 1089 1543 1150 sorti

349 1214 420 1268 tam
451 1214 548 1269 erant
579 1207 756 1282 contraria,
789 1206 971 1270 ludibrium
1004 1206 1141 1269 fiebat”.
1174 1193 1377 1281 Falsissime,
1409 1207 1436 1268 si
1459 1207 1542 1288 quid

349 1325 460 1389 video.
493 1324 628 1389 Vertere
650 1327 694 1401 in,
718 1327 930 1389 intransitive
955 1327 1113 1409 positum,
1138 1334 1206 1390 est:
1231 1326 1283 1407 „in
1304 1326 1542 1389 condicionem

349 1446 464 1508 venire
488 1446 693 1509 contrariam
717 1444 763 1508 illi
788 1446 822 1508 in
846 1466 914 1528 qua
938 1446 1047 1510 fueras
1070 1445 1204 1509 antea”.
1228 1444 1337 1527 Atqui
1362 1447 1463 1509 miser
1487 1446 1542 1509 ille

350 1565 563 1628 Britannicus
587 1573 670 1647 post,
687 1565 811 1628 alteras
835 1567 940 1648 patris
961 1567 1096 1648 nuptias
1118 1566 1255 1629 minime
1276 1565 1384 1628 fuerat
1403 1567 1545 1630 ludibrii

348 1685 566 1748 contrarium.
592 1682 659 1746 Sed
684 1704 726 1746 ne
752 1703 840 1746 nunc
861 1685 999 1766 quidem
1021 1685 1121 1766 plane
1142 1684 1250 1747 lactus
1268 1693 1341 1748 erat
1360 1685 1543 1748 ludibrium

353 1803 575 1878 Britannicus,
615 1803 904 1884 quemadmodum
940 1812 1082 1886 apparet
1118 1824 1136 1866 e
1172 1803 1346 1867 vocabulis
1381 1805 1545 1867 continuo

352 1921 572 2002 sequentibus
595 1921 784 2004 intellegens
799 1922 901 2005 falsi.
924 1922 1067 1985 Gravius
1085 1922 1150 1985 hoc
1171 1923 1275 2004 quod,
1296 1931 1332 1985 ut
1352 1932 1467 1986 tamen
1489 1923 1544 1986 illa

351 2041 521 2103 sententia
544 2061 587 2103 ex
611 2031 676 2102 hoc
700 2040 776 2103 loco
800 2041 931 2104 extrahi
953 2043 1069 2124 possit,
1089 2042 1247 2117 ludibria,
1267 2043 1360 2123 quod
1380 2043 1544 2106 traditum

352 2166 413 2234 est,
445 2160 479 2221 in
510 2159 691 2222 ludibrium
723 2168 775 2222 est
807 2161 1017 2236 mutandum,
1050 2181 1136 2243 quae
1169 2170 1261 2224 certe
1289 2170 1340 2224 est
1364 2164 1544 2226 temeraria

351 2278 545 2341 coniectura
576 2279 736 2361 nulloque
767 2279 877 2343 solido
909 2281 1020 2343 nitens
1053 2280 1286 2344 fundament0.
1314 2280 1364 2344 At
1387 2283 1543 2363 gravissi-

352 2417 443 2460 mum
468 2399 560 2479 quod
583 2406 658 2461 tota
680 2399 860 2474 sententia,
884 2407 937 2462 tot
961 2400 1109 2463 artificiis
1133 2401 1332 2481 composita,
1358 2400 1450 2463 nullo
1472 2401 1543 2463 vin-

350 2517 437 2602 culo·
458 2516 619 2581 cohaeret
645 2518 698 2581 vel
723 2539 800 2580 cum
825 2519 1108 2601 praecedentibus
1131 2519 1185 2583 vel
1209 2539 1286 2582 cum
1310 2521 1542 2602 sequentibus.

353 2635 444 2717 Ergo
469 2656 545 2698 cum
566 2635 702 2700 Sirkero
715 2649 804 2720 puer
824 2657 891 2700 non
906 2637 1172 2721 perlegendum
1193 2657 1266 2701 esse
1286 2647 1410 2714 statu0‚
1431 2660 1543 2721 neque

351 2761 466 2818 tamen
498 2757 545 2818 sic
577 2764 690 2818 verto:
727 2777 830 2838 „puer
858 2757 968 2820 officia
998 2757 1055 2820 illa
1086 2777 1251 2821 novercae
1283 2756 1439 2821 ridebat''
1463 2780 1542 2822 nam

349 2873 472 2956 legitur
495 2875 642 2939 ludibria
667 2896 735 2940 non
755 2877 947 2953 ludibrium,
969 2897 1078 2958 neque
1098 2878 1284 2959 quidquam
1306 2879 1340 2941 in
1360 2878 1542 2942 ludibrium

349 2995 488 3058 vertisse
510 2993 742 3057 Britannicum
762 2995 924 3058 credibile
944 3003 1012 3070 est;
1033 2996 1156 3058 tacitus
1177 3004 1396 3059 contemnere
1417 3005 1543 3079 potest,

350 3114 384 3175 in
410 3114 493 3175 risus
517 3133 694 3194 erumpere
719 3132 786 3175 non
811 3122 862 3176 est
886 3113 1032 3176 hominis
1051 3123 1120 3176 tam
1144 3114 1266 3178 miseri.
1287 3115 1444 3197 Denique
1464 3117 1544 3178 reti-

352 3251 470 3294 nemus
494 3231 652 3306 ludibria,
675 3231 818 3313 legimus
835 3244 923 3315 puer
948 3241 982 3294 et
1006 3241 1116 3295 totum
1141 3233 1253 3296 locum
1274 3233 1321 3295 sic
1340 3234 1543 3316 accipimus:

354 3370 466 3432 „pueq
502 3351 639 3432 (secum,
674 3352 808 3433 tacitus)
844 3352 954 3414 officia
989 3372 1156 3415 novercae
1191 3362 1366 3434 tamquam
1398 3353 1546 3417 ludibria

351 3469 670 3552 interpretabatur”.
695 3471 795 3534 Nunc
818 3472 953 3553 egregie
972 3473 1140 3553 sequitur:
1161 3473 1348 3556 intellegens
1360 3474 1469 3556 falsi;
1492 3495 1547 3537 ne-

352 3611 413 3672 que
430 3591 515 3655 enim
535 3611 664 3674 segnem
684 3592 715 3654 ei
724 3593 839 3675 fuisse
857 3591 996 3656 indolem
1008 3592 1133 3673 serunt
1151 3613 1177 3655 e.
1190 3613 1220 3674 q.
1232 3614 1258 3656 s.
1273 3592 1380 3656 Verbi
1392 3595 1547 3657 vertendi

350 3731 392 3774 eo
416 3730 484 3792 quo
505 3729 569 3791 ego
589 3709 668 3772 volo
687 3730 787 3773 sensu
807 3710 909 3793 positi
930 3710 1140 3792 praeclarum
1161 3711 1355 3793 exemplum
1376 3712 1547 3794 praebent

350 3831 419 3892 duo
450 3849 565 3891 versus
597 3829 817 3912 Propertiani,
849 3831 906 3912 qui
938 3837 1048 3892 totum
1079 3829 1191 3895 locum
1223 3838 1375 3892 nostrum
1407 3834 1547 3913 egregie

351 3947 519 4009 illustrant
543 3946 652 4029 (Epic.
677 3949 776 4012 Corn.
803 3950 845 4031 89
867 3949 948 4030 sq.):

485 4066 558 4128 Nec
583 4075 725 4129 matrem
748 4067 886 4132 laudate
910 4069 1025 4144 nimis;
1051 4069 1174 4131 collata
1198 4070 1300 4150 priori
1326 4069 1499 4151 (noverca)

529 4183 652 4249 Vertet
675 4187 709 4250 in
733 4188 878 4252 offensas
901 4188 1006 4251 libera
1031 4189 1135 4251 verba
1157 4209 1243 4252 suas

391 4437 417 4504 ι)
436 4437 478 4488 Sic
496 4438 566 4488 baud
585 4439 663 4489 dubie
682 4447 720 4490 est
740 4441 767 4489 in
786 4442 890 4492 codice:
902 4444 936 4506 2,
956 4457 1010 4490 non
1025 4449 1054 4507 p.
