3266 5238
686 418 725 480 61

112 607 206 675 sunt;
243 619 360 662 verum
394 598 495 682 plane
527 619 562 661 se
595 598 634 662 iis
667 598 793 662 dedere
825 608 860 662 et
890 600 1062 684 indulgere
1092 601 1212 663 vitium
1243 608 1305 662 est.

111 716 256 782 lenitati
284 718 457 801 indulgere
487 718 654 800 optimum
688 719 830 800 praebet
853 738 1006 782 sensum:
1032 727 1083 782 est
1108 738 1148 782 ea
1173 739 1224 782 res
1248 738 1304 781 co·

110 849 214 920 gnata
242 839 288 902 illi
313 859 401 921 quae
425 858 527 920 supra
550 839 602 901 his
626 839 738 901 verbis
762 847 813 902 est
836 839 1042 922 significata:
1071 839 1304 923 ,largitionem

110 958 316 1040 (exercebat)
342 958 503 1021 adversus
522 958 650 1020 amicos
671 967 706 1020 et
726 959 850 1039 ignotis
871 979 1018 1041 quoque,
1039 960 1128 1022 comi
1148 979 1304 1023 sermone

110 1085 145 1138 et
168 1076 391 1160 congressu’';
416 1078 481 1140 hoc
506 1098 609 1140 unum
635 1079 775 1140 interest
799 1079 891 1160 quod
915 1079 963 1140 sic
988 1079 1181 1142 discribitur
1200 1079 1304 1142 homo

109 1195 191 1260 lenis
213 1199 376 1262 adversus
398 1197 492 1272 alios,
516 1205 551 1259 at
575 1198 632 1279 qui
656 1197 787 1262 lenitati
804 1199 955 1282 indulget
972 1199 1000 1260 is
1019 1199 1122 1261 etiam
1142 1198 1303 1261 adversus

108 1337 143 1380 se
165 1319 272 1400 ipsum
295 1338 419 1399 suaque
441 1319 526 1382 vitio
549 1317 634 1380 lenis
657 1327 719 1380 est.

155 1437 199 1499 H.
226 1437 251 1512 I,
279 1455 329 1518 33.
362 1435 429 1519 Qui
460 1436 590 1500 Galbae
621 1438 765 1500 suadent
797 1446 834 1499 ut
865 1457 966 1518 quam
997 1438 1142 1520 primum
1172 1437 1302 1504 Othoni

108 1558 249 1640 eiusque
272 1557 452 1621 conatibus
475 1566 640 1632 occurrat,
665 1565 699 1619 et
723 1556 789 1620 alia
812 1566 848 1621 et
871 1557 955 1620 haec
979 1559 1172 1641 disputant:

156 1675 401 1757 ,Obsidionem
426 1677 583 1740 nimirum
607 1676 825 1753 toleraturos;
849 1686 884 1740 et
909 1678 1117 1759 praeclarum
1142 1680 1175 1742 in
1199 1681 1304 1743 servis

106 1796 281 1873 auxilium,
305 1799 332 1860 si
356 1817 540 1860 consensus
562 1805 679 1859 tantae
703 1795 929 1860 multitudinis
948 1805 992 1873 et,
1015 1819 1102 1880 quae
1123 1798 1302 1881 plurimum

106 1917 210 1992 valet,
243 1917 351 1999 prima
382 1917 571 1999 indignatio
602 1915 829 1999 elanguescat.
860 1916 1008 1982 Proinde
1023 1916 1044 1999 ¹)
1076 1918 1185 1981 intuta
1216 1939 1303 2001 quae

107 2037 302 2101 indecora”.

153 2157 219 2220 Pro
242 2157 386 2240 proinde
418 2156 646 2240 Nipperdeius
674 2157 905 2220 coniecturam
929 2176 1024 2220 suam
1042 2129 1192 2242 perinde,
1216 2168 1302 2222 tam·

105 2297 211 2360 quam
242 2284 380 2352 certam,
413 2277 447 2340 in
478 2284 612 2340 textum
644 2278 782 2359 recepit.
815 2275 884 2340 Sed
912 2278 1020 2342 intuta
1042 2300 1126 2361 quae
1147 2280 1301 2344 indecora

105 2399 222 2460 dicere
245 2395 367 2479 aliquis
387 2405 510 2480 potest,
524 2396 666 2480 perinde
684 2396 839 2459 additum
859 2396 1007 2460 absurda
1026 2397 1083 2461 illa
1102 2399 1207 2461 verba
1226 2399 1301 2462 red-

104 2517 168 2580 dit.
201 2516 329 2580 Contra
365 2517 526 2598 ,proiude
558 2517 668 2580 intuta
694 2536 781 2598 quae
807 2517 989 2580 indecora”
1014 2519 1148 2599 egregie
1172 2519 1300 2581 dictum

103 2644 168 2711 est,
195 2635 260 2699 hoc
284 2636 381 2699 facile
404 2636 597 2699 annectitur
617 2636 911 2718 praecedentibus,
932 2645 976 2712 et,
997 2639 1158 2719 quoniam
1179 2639 1302 2702 adhor-

102 2758 204 2822 tandi
234 2759 302 2820 vim
334 2757 438 2821 habet
470 2758 557 2839 (cum
589 2749 799 2838 impeiativis
826 2757 916 2820 enim
941 2757 1141 2840 plerumque
1158 2760 1302 2843 proinde

102 2877 279 2959 iungitur),
311 2877 522 2959 aptissimum
554 2877 700 2959 tempori
729 2877 874 2958 locoque
899 2885 966 2953 est,
992 2878 1184 2941 conseratur
1207 2879 1300 2960 quod

102 2996 271 3059 continuo
301 2997 471 3078 sequitur:
507 2995 589 3077 ,vel,
622 2996 649 3058 si
677 2998 799 3059 cadere
824 3015 961 3060 necesse
985 2997 1039 3072 sit,
1063 2999 1300 3062 occurrendum

102 3115 325 3178 discrimiui”.

149 3234 196 3298 H.
219 3235 245 3309 1,
264 3250 318 3312 42.
342 3233 477 3314 ,Titum
497 3234 576 3297 inde
594 3233 734 3297 Vinium
753 3234 906 3296 invasere
919 3235 1077 3316 (victores
1090 3236 1300 3320 Othoniani).

101 3355 157 3418 De
179 3374 249 3436 quo
270 3363 304 3417 et
323 3355 397 3437 ipso
416 3353 608 3436 ambigitur,
630 3354 922 3436 consumpseritne
943 3374 1062 3417 vocem
1084 3355 1155 3418 eius
1172 3357 1301 3420 instans

101 3483 228 3550 metus,
259 3493 302 3537 an
335 3473 596 3556 proclamaverit
621 3492 688 3534 non
713 3491 786 3535 esse
810 3472 855 3535 ab
878 3470 1016 3537 Othone
1041 3475 1238 3537 mandatum
1264 3484 1301 3538 ut

100 3593 327 3657 occideretur.
348 3591 450 3675 Quod
470 3612 528 3655 seu
541 3592 649 3676 finxit
668 3589 857 3664 formidine,
878 3610 936 3653 seu
958 3592 1199 3654 conscientiam
1221 3613 1298 3655 con·

100 3712 281 3776 iurationis
311 3711 484 3774 confessus
514 3719 576 3786 est,
610 3710 675 3772 huc
700 3710 813 3792 potius
838 3710 908 3771 eius
934 3710 1003 3771 vita
1027 3708 1183 3789 famaque
1207 3710 1300 3773 incli-

99 3841 174 3906 nat,
200 3839 237 3895 ut
260 3832 415 3893 conscius
438 3830 573 3893 sceleris
597 3829 706 3905 suerit,
731 3831 825 3892 cuius
848 3848 948 3891 causa
971 3826 1075 3890 erat”.

146 3951 215 4014 Pro
239 3950 347 4036 finxit
377 3949 605 4032 Nipperdeius
635 3948 731 4011 siluit
760 3947 885 4021 edidit,
919 3946 1181 4028 perversissime.
1211 3948 1299 4011 Nam

98 4073 251 4154 primum
279 4069 333 4132 hic
357 4069 496 4132 Tacitus
520 4070 553 4132 id
579 4067 659 4132 lacit
683 4067 776 4149 quod
801 4065 934 4129 indoles
957 4067 1029 4129 eius
1052 4067 1125 4142 lert,
1150 4077 1197 4143 ut,
1223 4089 1299 4132 cum

98 4191 247 4254 duarum
280 4209 391 4252 rerum
423 4188 620 4252 alterutram
651 4186 776 4268 eligere
809 4185 926 4268 possit,
957 4185 1050 4250 illam
1074 4186 1240 4269 praeferat
1266 4195 1301 4250 et

137 4425 165 4490 ι)
185 4423 219 4473 ln
238 4421 329 4471 codice
349 4421 436 4486 plenis
454 4423 536 4473 literis
551 4423 675 4490 proinde,
695 4436 749 4471 non
760 4420 850 4490 pindo
868 4418 971 4484 legitur.
