3266 5238
896 451 957 515 134

327 617 555 700 depingenda,
577 617 635 699 qui
655 636 787 680 morum
807 616 976 697 pravitate
996 616 1168 699 animique
1185 617 1276 679 vitiis
1291 617 1526 681 innotuerunt.

328 736 374 799 Et
405 736 476 799 sive
504 737 576 819 ipse
608 735 698 799 vitae
729 755 808 798 usus
839 756 993 799 severum
1018 757 1095 799 eurn
1119 737 1348 818 acerbumque
1372 737 1527 800 reddidit

327 875 514 930 censorem,
546 855 616 917 sive
647 853 818 917 scribendi
849 875 965 938 genus,
997 876 1065 938 quo
1094 855 1199 918 semel
1223 856 1271 918 uti
1295 855 1420 938 coepit,
1443 875 1526 918 eum

328 975 462 1058 impulit
495 982 531 1037 ut
562 994 696 1057 semper
727 973 977 1037 obscurioribus
1008 982 1159 1038 uteretur
1182 975 1352 1038 coloribus
1375 995 1527 1060 semper-

329 1116 394 1177 que
426 1095 591 1156 tristiores
622 1092 812 1175 legentibus
844 1101 1051 1176 proponeret
1078 1094 1221 1171 tabulas
1246 1094 1422 1157 indulsisse
1445 1115 1528 1158 eum

329 1215 474 1297 pessima
506 1232 662 1295 quaeque
693 1213 854 1275 credendi
878 1214 1117 1284 studio.nemo
1142 1215 1211 1276 iure
1235 1214 1444 1278 infitiabitur.
1469 1214 1528 1276 In-

328 1333 437 1416 signia
461 1331 628 1414 quaedam
654 1332 757 1395 modo
782 1331 906 1414 protuli
942 1332 1109 1415 exempla,
1134 1333 1193 1396 sed
1219 1333 1334 1396 nescio
1353 1354 1395 1396 an
1416 1335 1528 1396 omni-

207 1519 214 1532 ,
329 1453 391 1514 bus
412 1451 455 1513 sit
468 1449 624 1515 disertius
637 1448 718 1512 illud
732 1449 824 1531 quod
838 1459 917 1512 ante
930 1459 1076 1531 quatuor
1089 1451 1249 1534 proposui
1262 1472 1370 1515 annos
1383 1452 1528 1534 (Mnem.

330 1591 361 1634 v.
387 1570 430 1633 26
454 1590 486 1652 p.
513 1569 689 1652 314sqq.).
715 1569 767 1632 De
792 1567 930 1633 Othone
956 1568 1116 1653 Poppaea
1136 1570 1272 1634 Nerone
1294 1572 1439 1654 primum
1458 1571 1528 1636 Ta-

329 1689 416 1753 citus
447 1689 549 1771 (Hist.
574 1689 599 1766 I;
630 1690 678 1772 13)
708 1690 828 1752 eadem
853 1689 922 1752 fere
945 1690 1094 1753 narravit
1117 1710 1205 1772 quae
1229 1689 1421 1766 Suetonius,
1445 1691 1527 1768 Dio,

331 1809 539 1885 Plutarchus,
566 1818 685 1892 estque
710 1829 750 1873 ea
775 1810 922 1873 narratio
947 1811 1112 1872 eiusmodi
1136 1817 1174 1873 ut
1198 1820 1333 1894 praeter
1357 1831 1527 1874 summam

329 1931 505 1994 levitatem
535 1928 618 1993 nihil
649 1930 683 1992 in
714 1928 755 1992 iis
786 1929 894 2012 possis
918 1929 1176 2012 reprehendere.
1201 1929 1251 1992 At
1275 1931 1405 2013 aliquot
1428 1931 1528 1994 annis

329 2058 450 2132 postea
480 2049 584 2131 (Ann.
616 2049 713 2124 XIII,
742 2049 798 2131 46)
830 2049 969 2112 eosdem
994 2049 1069 2112 illos
1092 2051 1140 2113 ita
1163 2049 1328 2133 depingit,
1352 2059 1390 2114 ut
1413 2050 1528 2114 abiec-

330 2171 449 2234 tissimi
469 2169 552 2232 fiant
572 2170 775 2244 mortalium,
797 2187 882 2251 quos
898 2188 998 2232 nemo
1016 2189 1083 2232 non
1100 2169 1375 2251 indignabundus
1393 2189 1529 2232 averse-

329 2299 394 2354 tur.
416 2290 545 2354 Verum
565 2298 721 2352 accurate
741 2288 853 2351 locum
871 2288 964 2352 illum
982 2289 1159 2371 aspicienti
1172 2298 1315 2372 apparet
1329 2289 1374 2352 ibi
1388 2310 1528 2372 quoque

330 2419 431 2474 antea
457 2410 630 2484 leniorem,
657 2409 836 2483 mitiorem,
861 2417 953 2470 certe
976 2408 1215 2491 simpliciorem
1239 2409 1400 2491 scriptam
1425 2407 1528 2472 fuisse

330 2532 569 2605 narrationem,
595 2537 782 2612 posteaque
805 2528 897 2592 illam
918 2528 1066 2591 deletam
1086 2537 1121 2590 et
1141 2529 1175 2590 in
1196 2528 1267 2590 eius
1286 2529 1403 2590 sedern
1424 2528 1528 2590 dirio-

330 2670 401 2712 rem
425 2648 524 2712 istam
549 2648 752 2711 atrociorem
776 2647 1019 2710 intricatiorem
1039 2647 1211 2722 insertam,
1232 2647 1291 2710 sed
1313 2646 1417 2709 itaut
1438 2666 1529 2728 quae

330 2768 445 2832 statim
479 2775 666 2850 sequuntur
701 2765 965 2849 haudquaquam
1001 2787 1077 2830 cum
1112 2786 1152 2830 ea
1187 2766 1402 2828 cohaereant.
1436 2765 1529 2829 Nam

331 2887 526 2962 narrationi,
550 2907 652 2968 quam
673 2885 808 2960 Hist.1‚
835 2903 870 2967 13
893 2886 1067 2960 habemuS,
1087 2893 1167 2968 apte
1187 2885 1404 2948 adficeretur:
1430 2885 1529 2965 ,hac-

330 3016 430 3071 tenus
461 3007 553 3070 Nero
585 3005 720 3087 flagitiis
744 3011 778 3067 et
802 3004 984 3068 sceleribus
1008 3004 1201 3067 velamenta
1224 3002 1422 3085 quaesivit”;
1449 3025 1530 3068 cum

333 3126 536 3200 narratione,
561 3145 647 3207 quae
672 3144 761 3188 nunc
781 3123 826 3186 A.
848 3124 944 3199 XIII,
963 3125 1008 3203 46
1028 3123 1160 3206 legitur,
1182 3124 1302 3186 eadem
1322 3123 1427 3187 verba
1446 3143 1532 3187 con·

331 3246 423 3328 iungi
443 3244 534 3308 nullo
556 3245 660 3307 modo
680 3251 831 3328 possunt.
852 3243 1009 3326 Apparet
1028 3264 1109 3325 ergo
1125 3243 1267 3306 alteram
1284 3243 1529 3320 narrationem,

332 3367 412 3447 quia
434 3372 531 3427 tanto
556 3364 688 3447 peiores
711 3362 889 3426 exhiberet
913 3363 1077 3436 homines,
1102 3361 1224 3424 Tacito
1247 3362 1334 3426 adeo
1358 3361 1528 3444 placuisse

331 3493 369 3547 ut
399 3483 446 3547 illi
476 3481 534 3545 vix
557 3483 714 3564 cognitae
737 3483 852 3546 statIm
877 3483 1023 3564 priorem
1047 3482 1169 3544 cedere
1193 3481 1334 3556 iuberet,
1359 3481 1402 3543 de
1426 3480 1531 3545 huius

331 3603 436 3686 partis
465 3603 665 3666 oeconomia
689 3622 757 3664 non
781 3601 944 3665 sollicitus
967 3603 1026 3664 sed
1051 3600 1094 3664 de
1122 3599 1386 3684 ,psychologia''
1410 3601 1529 3679 etiam,

330 3721 452 3785 siheri
477 3730 601 3805 potest,
626 3722 745 3784 minuo.

376 3839 436 3905 Sat
458 3841 580 3924 gravis,
601 3850 639 3905 ut
658 3843 790 3924 opinor,
811 3839 865 3904 hic
885 3861 977 3904 error
998 3848 1064 3915 est;
1085 3841 1275 3922 graviorem
1295 3837 1435 3915 notabo,
1456 3859 1532 3922 quo

331 3980 399 4023 non
413 3959 619 4042 singulorum
633 3961 825 4036 hominum,
833 3961 892 4022 sed
906 3968 1054 4022 totarum
1067 3959 1243 4022 civitatum
1261 3958 1532 4042 „psychologia”

330 4079 476 4143 ludibrio
508 4078 663 4140 habetur.
694 4077 739 4141 A.
771 4078 832 4154 VI,
858 4094 901 4158 42
926 4079 969 4141 de
994 4077 1184 4152 Artabano,
1210 4076 1409 4141 Parthorum
1434 4099 1530 4161 rege,

329 4197 414 4262 haec
439 4203 633 4260 narrantur:

375 4314 533 4396 ,Plebem
546 4314 748 4397 primoribus
760 4315 901 4380 tradidit
912 4336 954 4379 ex
965 4337 1023 4379 suo
1035 4335 1107 4380 usu:
1121 4335 1199 4378 narn
1212 4314 1329 4399 populi
1343 4315 1528 4398 imperium

331 4432 1528 4517 iuxtalibertatem,paucorumdominatioregiaelibidinipropiorest.'’
