<?xml version="1.0" encoding="UTF-8"?>
<!DOCTYPE html PUBLIC "-//W3C//DTD XHTML 1.0 Transitional//EN"
    "http://www.w3.org/TR/xhtml1/DTD/xhtml1-transitional.dtd">
<html xmlns="http://www.w3.org/1999/xhtml" xml:lang="en" lang="en">
 <head>
  <title>
</title>
<meta http-equiv="Content-Type" content="text/html;charset=utf-8" />
  <meta name='ocr-system' content='tesseract 3.04.00' />
  <meta name='ocr-capabilities' content='ocr_page ocr_carea ocr_par ocr_line ocrx_word'/>
</head>
<body>
  <div class='ocr_page' id='page_1' title='image "./analectatacitea01hartgoog_0306.png"; bbox 0 0 3248 5230; ppageno 0'>
   <div class='ocr_carea' id='block_1_1' title="bbox 680 429 741 497">
    <p class='ocr_par' dir='ltr' id='par_1_1' title="bbox 680 429 741 497">
     <span class='ocr_line' id='line_1_1' title="bbox 680 429 741 497; baseline -0.016 0"><span class='ocrx_word' id='word_1_1' title='bbox 680 429 741 497; x_wconf 82' lang='lat'><strong>295</strong></span> 
     </span>
    </p>
   </div>
   <div class='ocr_carea' id='block_1_2' title="bbox 27 591 1306 4030">
    <p class='ocr_par' dir='ltr' id='par_1_2' title="bbox 111 591 1305 915">
     <span class='ocr_line' id='line_1_2' title="bbox 114 591 1304 673; baseline 0 -19"><span class='ocrx_word' id='word_1_2' title='bbox 114 591 222 656; x_wconf 82' lang='grc' dir='ltr'><strong><em>νίντιιν</em></strong></span> <span class='ocrx_word' id='word_1_3' title='bbox 256 593 355 668; x_wconf 76' lang='grc' dir='ltr'><strong><em>ἐστί’,</em></strong></span> <span class='ocrx_word' id='word_1_4' title='bbox 387 594 444 656; x_wconf 92' lang='lat' dir='ltr'><strong>ubi</strong></span> <span class='ocrx_word' id='word_1_5' title='bbox 476 615 537 656; x_wconf 93' lang='lat' dir='ltr'><strong>suo</strong></span> <span class='ocrx_word' id='word_1_6' title='bbox 566 595 636 657; x_wconf 90' lang='lat' dir='ltr'><strong>iure</strong></span> <span class='ocrx_word' id='word_1_7' title='bbox 660 593 809 660; x_wconf 89' lang='lat' dir='ltr'><strong>Sintenis</strong></span> <span class='ocrx_word' id='word_1_8' title='bbox 832 591 945 673; x_wconf 77' lang='grc' dir='ltr'><strong><em>Νέρωνι</em></strong></span> <span class='ocrx_word' id='word_1_9' title='bbox 970 593 1152 656; x_wconf 90' lang='lat' dir='ltr'><strong>delendum</strong></span> <span class='ocrx_word' id='word_1_10' title='bbox 1176 594 1304 667; x_wconf 89' lang='lat' dir='ltr'><strong>statuit,</strong></span> 
     </span>
     <span class='ocr_line' id='line_1_3' title="bbox 112 711 1305 796; baseline -0.003 -20"><span class='ocrx_word' id='word_1_11' title='bbox 112 713 204 796; x_wconf 90' lang='lat' dir='ltr'><strong>quod</strong></span> <span class='ocrx_word' id='word_1_12' title='bbox 246 733 314 775; x_wconf 91' lang='lat' dir='ltr'><strong>non</strong></span> <span class='ocrx_word' id='word_1_13' title='bbox 356 712 444 775; x_wconf 91' lang='lat' dir='ltr'><strong>bene</strong></span> <span class='ocrx_word' id='word_1_14' title='bbox 479 721 642 776; x_wconf 88' lang='lat' dir='ltr'><strong>structam</strong></span> <span class='ocrx_word' id='word_1_15' title='bbox 678 714 882 777; x_wconf 84' lang='lat' dir='ltr'><strong>sententiam</strong></span> <span class='ocrx_word' id='word_1_16' title='bbox 916 714 977 775; x_wconf 91' lang='lat' dir='ltr'><strong>sed</strong></span> <span class='ocrx_word' id='word_1_17' title='bbox 1013 711 1305 794; x_wconf 86' lang='lat' dir='ltr'><strong>perturbationem</strong></span> 
     </span>
     <span class='ocr_line' id='line_1_4' title="bbox 111 831 1304 915; baseline -0.001 -20"><span class='ocrx_word' id='word_1_18' title='bbox 111 833 285 915; x_wconf 90' lang='lat' dir='ltr'><strong>quandam</strong></span> <span class='ocrx_word' id='word_1_19' title='bbox 319 831 559 895; x_wconf 89' lang='lat' dir='ltr'><strong>vocabulorum</strong></span> <span class='ocrx_word' id='word_1_20' title='bbox 585 833 687 895; x_wconf 86' lang='lat' dir='ltr'><strong>efficit</strong></span> <span class='ocrx_word' id='word_1_21' title='bbox 712 841 746 894; x_wconf 88' lang='lat' dir='ltr'><strong>et</strong></span> <span class='ocrx_word' id='word_1_22' title='bbox 769 831 1139 894; x_wconf 86' lang='lat' dir='ltr'><strong>durissimum&#39;hiatum</strong></span> <span class='ocrx_word' id='word_1_23' title='bbox 1164 831 1304 894; x_wconf 90' lang='lat' dir='ltr'><strong>inducit.</strong></span> 
     </span>
    </p>

    <p class='ocr_par' dir='ltr' id='par_1_3' title="bbox 27 950 1305 1278">
     <span class='ocr_line' id='line_1_5' title="bbox 156 950 1304 1033; baseline -0.004 -16"><span class='ocrx_word' id='word_1_24' title='bbox 156 953 265 1017; x_wconf 84' lang='lat' dir='ltr'><strong>Galba</strong></span> <span class='ocrx_word' id='word_1_25' title='bbox 290 952 340 1014; x_wconf 94' lang='lat' dir='ltr'><strong>lX</strong></span> <span class='ocrx_word' id='word_1_26' title='bbox 378 950 609 1033; x_wconf 90' lang='lat' dir='ltr'><strong>Nymphidius</strong></span> <span class='ocrx_word' id='word_1_27' title='bbox 640 951 770 1014; x_wconf 91' lang='lat' dir='ltr'><strong>Romae</strong></span> <span class='ocrx_word' id='word_1_28' title='bbox 803 971 863 1033; x_wconf 90' lang='lat' dir='ltr'><strong>per</strong></span> <span class='ocrx_word' id='word_1_29' title='bbox 893 950 1021 1013; x_wconf 91' lang='lat' dir='ltr'><strong>amicos</strong></span> <span class='ocrx_word' id='word_1_30' title='bbox 1052 951 1142 1013; x_wconf 93' lang='lat' dir='ltr'><strong>viam</strong></span> <span class='ocrx_word' id='word_1_31' title='bbox 1173 950 1237 1012; x_wconf 90' lang='lat' dir='ltr'><strong>sibi</strong></span> <span class='ocrx_word' id='word_1_32' title='bbox 1260 951 1304 1012; x_wconf 90' lang='lat' dir='ltr'><strong>ad</strong></span> 
     </span>
     <span class='ocr_line' id='line_1_6' title="bbox 109 1067 1305 1156; baseline -0.003 -22"><span class='ocrx_word' id='word_1_33' title='bbox 109 1073 290 1156; x_wconf 89' lang='lat' dir='ltr'><strong>imperium</strong></span> <span class='ocrx_word' id='word_1_34' title='bbox 316 1081 413 1154; x_wconf 88' lang='lat' dir='ltr'><strong>parat</strong></span> <span class='ocrx_word' id='word_1_35' title='bbox 437 1080 472 1134; x_wconf 89' lang='lat' dir='ltr'><strong>et</strong></span> <span class='ocrx_word' id='word_1_36' title='bbox 494 1090 600 1134; x_wconf 90' lang='lat' dir='ltr'><strong>unum</strong></span> <span class='ocrx_word' id='word_1_37' title='bbox 624 1091 741 1134; x_wconf 92' lang='lat' dir='ltr'><strong>eorum</strong></span> <span class='ocrx_word' id='word_1_38' title='bbox 767 1069 810 1140; x_wconf 83' lang='grc' dir='ltr'><strong><em>είς</em></strong></span> <span class='ocrx_word' id='word_1_39' title='bbox 834 1068 972 1150; x_wconf 77' lang='grc' dir='ltr'><strong>Ἰβηρίαν</strong></span> <span class='ocrx_word' id='word_1_40' title='bbox 997 1067 1141 1148; x_wconf 77' lang='grc' dir='ltr'><strong><em>ίιιεμψεν</em></strong></span> <span class='ocrx_word' id='word_1_41' title='bbox 1165 1067 1217 1133; x_wconf 81' lang='grc' dir='ltr'><strong>καί</strong></span> <span class='ocrx_word' id='word_1_42' title='bbox 1243 1091 1305 1132; x_wconf 86' lang='grc' dir='ltr'><strong>σα-</strong></span> 
     </span>
     <span class='ocr_line' id='line_1_7' title="bbox 27 1189 519 1278; baseline 0.004 -26"><span class='ocrx_word' id='word_1_43' title='bbox 27 1243 28 1252; x_wconf 42' lang='lat'><strong>,</strong></span> <span class='ocrx_word' id='word_1_44' title='bbox 110 1191 203 1272; x_wconf 87' lang='grc' dir='ltr'><strong><em>ρείκει</em></strong></span> <span class='ocrx_word' id='word_1_45' title='bbox 228 1189 519 1278; x_wconf 63' lang='grc' dir='ltr'><strong><em>κατασκεψόμενον.</em></strong></span> 
     </span>
    </p>

    <p class='ocr_par' dir='ltr' id='par_1_4' title="bbox 110 1310 1306 2711">
     <span class='ocr_line' id='line_1_8' title="bbox 158 1310 1305 1394; baseline -0.002 -18"><span class='ocrx_word' id='word_1_46' title='bbox 158 1314 197 1377; x_wconf 91' lang='lat' dir='ltr'><strong>In</strong></span> <span class='ocrx_word' id='word_1_47' title='bbox 234 1314 297 1376; x_wconf 91' lang='lat' dir='ltr'><strong>ista</strong></span> <span class='ocrx_word' id='word_1_48' title='bbox 333 1313 498 1394; x_wconf 83' lang='lat' dir='ltr'><strong>farragine</strong></span> <span class='ocrx_word' id='word_1_49' title='bbox 534 1311 714 1374; x_wconf 89' lang='lat' dir='ltr'><strong>verborum</strong></span> <span class='ocrx_word' id='word_1_50' title='bbox 747 1311 827 1392; x_wconf 92' lang='lat' dir='ltr'><strong>quid</strong></span> <span class='ocrx_word' id='word_1_51' title='bbox 860 1310 982 1374; x_wconf 89' lang='lat' dir='ltr'><strong>lateret</strong></span> <span class='ocrx_word' id='word_1_52' title='bbox 1014 1312 1070 1374; x_wconf 91' lang='lat' dir='ltr'><strong>diu</strong></span> <span class='ocrx_word' id='word_1_53' title='bbox 1102 1310 1223 1374; x_wconf 79' lang='lat' dir='ltr'><strong>frustra</strong></span> <span class='ocrx_word' id='word_1_54' title='bbox 1254 1319 1305 1374; x_wconf 89' lang='lat' dir='ltr'><strong>est</strong></span> 
     </span>
     <span class='ocr_line' id='line_1_9' title="bbox 112 1429 1305 1516; baseline -0.003 -19"><span class='ocrx_word' id='word_1_55' title='bbox 112 1433 316 1516; x_wconf 88' lang='lat' dir='ltr'><strong>quaesitum,</strong></span> <span class='ocrx_word' id='word_1_56' title='bbox 335 1434 445 1496; x_wconf 92' lang='lat' dir='ltr'><strong>donec</strong></span> <span class='ocrx_word' id='word_1_57' title='bbox 463 1432 604 1494; x_wconf 89' lang='lat' dir='ltr'><strong>tandem</strong></span> <span class='ocrx_word' id='word_1_58' title='bbox 624 1430 807 1512; x_wconf 91' lang='lat' dir='ltr'><strong>aliquando</strong></span> <span class='ocrx_word' id='word_1_59' title='bbox 828 1429 1000 1494; x_wconf 90' lang='lat' dir='ltr'><strong>Sintenisii</strong></span> <span class='ocrx_word' id='word_1_60' title='bbox 1022 1431 1193 1513; x_wconf 87' lang='lat' dir='ltr'><strong>ingenium</strong></span> <span class='ocrx_word' id='word_1_61' title='bbox 1207 1431 1305 1494; x_wconf 91' lang='lat' dir='ltr'><strong>simul</strong></span> 
     </span>
     <span class='ocr_line' id='line_1_10' title="bbox 113 1549 1305 1634; baseline -0.003 -18"><span class='ocrx_word' id='word_1_62' title='bbox 113 1554 149 1616; x_wconf 78' lang='lat' dir='ltr'><strong>et</strong></span> <span class='ocrx_word' id='word_1_63' title='bbox 173 1553 348 1616; x_wconf 88' lang='lat' dir='ltr'><strong>historiam</strong></span> <span class='ocrx_word' id='word_1_64' title='bbox 373 1551 482 1614; x_wconf 92' lang='lat' dir='ltr'><strong>morbi</strong></span> <span class='ocrx_word' id='word_1_65' title='bbox 507 1550 714 1634; x_wconf 86' lang='lat' dir='ltr'><strong>perspiceret</strong></span> <span class='ocrx_word' id='word_1_66' title='bbox 735 1549 769 1611; x_wconf 74' lang='lat' dir='ltr'><strong>et</strong></span> <span class='ocrx_word' id='word_1_67' title='bbox 788 1558 917 1612; x_wconf 85' lang='lat' dir='ltr'><strong>certam</strong></span> <span class='ocrx_word' id='word_1_68' title='bbox 939 1549 1105 1612; x_wconf 91' lang='lat' dir='ltr'><strong>inveniret</strong></span> <span class='ocrx_word' id='word_1_69' title='bbox 1125 1549 1305 1613; x_wconf 89' lang='lat' dir='ltr'><strong>medelam.</strong></span> 
     </span>
     <span class='ocr_line' id='line_1_11' title="bbox 113 1665 1305 1756; baseline -0.005 -20"><span class='ocrx_word' id='word_1_70' title='bbox 113 1671 285 1756; x_wconf 89' lang='lat' dir='ltr'><strong>Scriptum</strong></span> <span class='ocrx_word' id='word_1_71' title='bbox 312 1671 392 1734; x_wconf 92' lang='lat' dir='ltr'><strong>olim</strong></span> <span class='ocrx_word' id='word_1_72' title='bbox 417 1669 542 1734; x_wconf 88' lang='lat' dir='ltr'><strong>fuerat:</strong></span> <span class='ocrx_word' id='word_1_73' title='bbox 563 1669 605 1739; x_wconf 82' lang='grc' dir='ltr'><strong><em>είο</em></strong></span> <span class='ocrx_word' id='word_1_74' title='bbox 626 1666 766 1746; x_wconf 75' lang='grc' dir='ltr'><strong>Ἰβηρίαν</strong></span> <span class='ocrx_word' id='word_1_75' title='bbox 787 1665 931 1746; x_wconf 77' lang='grc' dir='ltr'><strong><em>ἔπεμψεν</em></strong></span> <span class='ocrx_word' id='word_1_76' title='bbox 951 1666 1004 1730; x_wconf 80' lang='grc' dir='ltr'><strong>καί</strong></span> <span class='ocrx_word' id='word_1_77' title='bbox 1025 1667 1305 1746; x_wconf 77' lang='grc' dir='ltr'><strong><em>κατασκεψόμενον</em></strong></span> 
     </span>
     <span class='ocr_line' id='line_1_12' title="bbox 112 1787 1303 1872; baseline -0.003 -17"><span class='ocrx_word' id='word_1_78' title='bbox 112 1801 147 1855; x_wconf 93' lang='lat' dir='ltr'><strong>et</strong></span> <span class='ocrx_word' id='word_1_79' title='bbox 171 1792 280 1855; x_wconf 91' lang='lat' dir='ltr'><strong>bonus</strong></span> <span class='ocrx_word' id='word_1_80' title='bbox 305 1791 426 1872; x_wconf 88' lang='lat' dir='ltr'><strong>aliquis</strong></span> <span class='ocrx_word' id='word_1_81' title='bbox 445 1791 580 1853; x_wconf 91' lang='lat' dir='ltr'><strong>criticus</strong></span> <span class='ocrx_word' id='word_1_82' title='bbox 601 1791 634 1853; x_wconf 93' lang='lat' dir='ltr'><strong>in</strong></span> <span class='ocrx_word' id='word_1_83' title='bbox 656 1791 806 1872; x_wconf 84' lang='lat' dir='ltr'><strong>margine</strong></span> <span class='ocrx_word' id='word_1_84' title='bbox 827 1799 1051 1853; x_wconf 90' lang='lat' dir='ltr'><strong>annotaverat</strong></span> <span class='ocrx_word' id='word_1_85' title='bbox 1070 1787 1123 1852; x_wconf 82' lang='grc' dir='ltr'><strong>καί</strong></span> <span class='ocrx_word' id='word_1_86' title='bbox 1145 1789 1303 1867; x_wconf 81' lang='grc' dir='ltr'><strong><em>παρέλκει,</em></strong></span> 
     </span>
     <span class='ocr_line' id='line_1_13' title="bbox 110 1909 1305 1995; baseline 0 -21"><span class='ocrx_word' id='word_1_87' title='bbox 110 1913 171 1976; x_wconf 92' lang='lat' dir='ltr'><strong>sed</strong></span> <span class='ocrx_word' id='word_1_88' title='bbox 205 1931 323 1995; x_wconf 88' lang='lat' dir='ltr'><strong>parum</strong></span> <span class='ocrx_word' id='word_1_89' title='bbox 350 1910 475 1993; x_wconf 91' lang='lat' dir='ltr'><strong>prosuit</strong></span> <span class='ocrx_word' id='word_1_90' title='bbox 500 1909 697 1974; x_wconf 88' lang='lat' dir='ltr'><strong>Plutarcho:</strong></span> <span class='ocrx_word' id='word_1_91' title='bbox 722 1919 796 1973; x_wconf 92' lang='lat' dir='ltr'><strong>tota</strong></span> <span class='ocrx_word' id='word_1_92' title='bbox 819 1911 910 1973; x_wconf 88' lang='lat' dir='ltr'><strong>enim</strong></span> <span class='ocrx_word' id='word_1_93' title='bbox 935 1911 1122 1987; x_wconf 89' lang='lat' dir='ltr'><strong>annotati0,</strong></span> <span class='ocrx_word' id='word_1_94' title='bbox 1147 1920 1305 1994; x_wconf 90' lang='lat' dir='ltr'><strong>corrupta</strong></span> 
     </span>
     <span class='ocr_line' id='line_1_14' title="bbox 110 2028 1305 2115; baseline -0.001 -20"><span class='ocrx_word' id='word_1_95' title='bbox 110 2040 145 2095; x_wconf 90' lang='lat' dir='ltr'><strong>et</strong></span> <span class='ocrx_word' id='word_1_96' title='bbox 171 2032 254 2115; x_wconf 87' lang='lat' dir='ltr'><strong>ipsa,</strong></span> <span class='ocrx_word' id='word_1_97' title='bbox 280 2032 313 2092; x_wconf 92' lang='lat' dir='ltr'><strong>in</strong></span> <span class='ocrx_word' id='word_1_98' title='bbox 337 2039 471 2093; x_wconf 88' lang='lat' dir='ltr'><strong>textum</strong></span> <span class='ocrx_word' id='word_1_99' title='bbox 496 2037 633 2112; x_wconf 88' lang='lat' dir='ltr'><strong>recepta</strong></span> <span class='ocrx_word' id='word_1_100' title='bbox 657 2034 726 2093; x_wconf 85' lang='lat' dir='ltr'><strong>est!</strong></span> <span class='ocrx_word' id='word_1_101' title='bbox 751 2028 862 2112; x_wconf 87' lang='lat' dir='ltr'><strong>Quam</strong></span> <span class='ocrx_word' id='word_1_102' title='bbox 887 2029 1009 2093; x_wconf 90' lang='lat' dir='ltr'><strong>vellem</strong></span> <span class='ocrx_word' id='word_1_103' title='bbox 1034 2051 1070 2092; x_wconf 92' lang='lat' dir='ltr'><strong>se</strong></span> <span class='ocrx_word' id='word_1_104' title='bbox 1093 2030 1196 2094; x_wconf 91' lang='lat' dir='ltr'><strong>talem</strong></span> <span class='ocrx_word' id='word_1_105' title='bbox 1220 2051 1305 2094; x_wconf 91' lang='lat' dir='ltr'><strong>sem·</strong></span> 
     </span>
     <span class='ocr_line' id='line_1_15' title="bbox 111 2149 1305 2234; baseline -0.001 -20"><span class='ocrx_word' id='word_1_106' title='bbox 111 2173 173 2234; x_wconf 96' lang='lat' dir='ltr'><strong>per</strong></span> <span class='ocrx_word' id='word_1_107' title='bbox 210 2149 413 2214; x_wconf 89' lang='lat' dir='ltr'><strong>Sintenisius</strong></span> <span class='ocrx_word' id='word_1_108' title='bbox 448 2151 685 2232; x_wconf 89' lang='lat' dir='ltr'><strong>praestitisset!</strong></span> <span class='ocrx_word' id='word_1_109' title='bbox 723 2149 811 2212; x_wconf 92' lang='lat' dir='ltr'><strong>Nam</strong></span> <span class='ocrx_word' id='word_1_110' title='bbox 843 2170 932 2213; x_wconf 89' lang='lat' dir='ltr'><strong>nunc</strong></span> <span class='ocrx_word' id='word_1_111' title='bbox 964 2149 1078 2226; x_wconf 90' lang='lat' dir='ltr'><strong>Corai,</strong></span> <span class='ocrx_word' id='word_1_112' title='bbox 1112 2149 1305 2226; x_wconf 83' lang='lat' dir='ltr'><strong>Schaesem,</strong></span> 
     </span>
     <span class='ocr_line' id='line_1_16' title="bbox 115 2269 1306 2354; baseline -0.001 -20"><span class='ocrx_word' id='word_1_113' title='bbox 115 2272 253 2353; x_wconf 90' lang='lat' dir='ltr'><strong>Bryano</strong></span> <span class='ocrx_word' id='word_1_114' title='bbox 286 2270 359 2333; x_wconf 87' lang='lat' dir='ltr'><strong>aliis</strong></span> <span class='ocrx_word' id='word_1_115' title='bbox 390 2270 534 2353; x_wconf 84' lang='lat' dir='ltr'><strong>egregiis</strong></span> <span class='ocrx_word' id='word_1_116' title='bbox 565 2271 689 2332; x_wconf 90' lang='lat' dir='ltr'><strong>criticis</strong></span> <span class='ocrx_word' id='word_1_117' title='bbox 721 2269 942 2352; x_wconf 89' lang='lat' dir='ltr'><strong>obloquendo</strong></span> <span class='ocrx_word' id='word_1_118' title='bbox 962 2291 1064 2354; x_wconf 88' lang='lat' dir='ltr'><strong>saepe</strong></span> <span class='ocrx_word' id='word_1_119' title='bbox 1089 2269 1306 2333; x_wconf 89' lang='lat' dir='ltr'><strong>Plutarchum</strong></span> 
     </span>
     <span class='ocr_line' id='line_1_17' title="bbox 114 2388 1306 2474; baseline -0.001 -20"><span class='ocrx_word' id='word_1_120' title='bbox 114 2391 213 2454; x_wconf 90' lang='lat' dir='ltr'><strong>nobis</strong></span> <span class='ocrx_word' id='word_1_121' title='bbox 237 2390 528 2472; x_wconf 88' lang='lat' dir='ltr'><strong>corruptissimum</strong></span> <span class='ocrx_word' id='word_1_122' title='bbox 553 2388 708 2452; x_wconf 89' lang='lat' dir='ltr'><strong>exhibuit</strong></span> <span class='ocrx_word' id='word_1_123' title='bbox 732 2398 835 2472; x_wconf 88' lang='lat' dir='ltr'><strong>atque</strong></span> <span class='ocrx_word' id='word_1_124' title='bbox 856 2390 995 2453; x_wconf 90' lang='lat' dir='ltr'><strong>omnino</strong></span> <span class='ocrx_word' id='word_1_125' title='bbox 1015 2409 1077 2471; x_wconf 94' lang='lat' dir='ltr'><strong>pro</strong></span> <span class='ocrx_word' id='word_1_126' title='bbox 1099 2391 1184 2453; x_wconf 91' lang='lat' dir='ltr'><strong>virili</strong></span> <span class='ocrx_word' id='word_1_127' title='bbox 1210 2399 1306 2474; x_wconf 91' lang='lat' dir='ltr'><strong>parte</strong></span> 
     </span>
     <span class='ocr_line' id='line_1_18' title="bbox 116 2507 1306 2592; baseline -0.002 -20"><span class='ocrx_word' id='word_1_128' title='bbox 116 2509 205 2573; x_wconf 89' lang='lat' dir='ltr'><strong>viam</strong></span> <span class='ocrx_word' id='word_1_129' title='bbox 227 2511 371 2572; x_wconf 88' lang='lat' dir='ltr'><strong>munivit</strong></span> <span class='ocrx_word' id='word_1_130' title='bbox 387 2509 429 2572; x_wconf 91' lang='lat' dir='ltr'><strong>ad</strong></span> <span class='ocrx_word' id='word_1_131' title='bbox 444 2508 535 2571; x_wconf 92' lang='lat' dir='ltr'><strong>illam</strong></span> <span class='ocrx_word' id='word_1_132' title='bbox 549 2509 752 2590; x_wconf 84' lang='lat' dir='ltr'><strong>ineptiarum</strong></span> <span class='ocrx_word' id='word_1_133' title='bbox 766 2507 1055 2571; x_wconf 85' lang='lat' dir='ltr'><strong>defendendarum</strong></span> <span class='ocrx_word' id='word_1_134' title='bbox 1069 2509 1306 2592; x_wconf 77' lang='lat' dir='ltr'><strong>methodum(!),</strong></span> 
     </span>
     <span class='ocr_line' id='line_1_19' title="bbox 116 2629 772 2711; baseline -0.002 -19"><span class='ocrx_word' id='word_1_135' title='bbox 116 2650 204 2711; x_wconf 91' lang='lat' dir='ltr'><strong>quae</strong></span> <span class='ocrx_word' id='word_1_136' title='bbox 229 2649 317 2693; x_wconf 90' lang='lat' dir='ltr'><strong>nunc</strong></span> <span class='ocrx_word' id='word_1_137' title='bbox 342 2637 413 2691; x_wconf 88' lang='lat' dir='ltr'><strong>tam</strong></span> <span class='ocrx_word' id='word_1_138' title='bbox 438 2629 619 2710; x_wconf 90' lang='lat' dir='ltr'><strong>imperiose</strong></span> <span class='ocrx_word' id='word_1_139' title='bbox 642 2637 772 2709; x_wconf 89' lang='lat' dir='ltr'><strong>regnat.</strong></span> 
     </span>
    </p>

    <p class='ocr_par' dir='ltr' id='par_1_5' title="bbox 111 2747 1306 4030">
     <span class='ocr_line' id='line_1_20' title="bbox 160 2747 1306 2814; baseline 0.001 -1"><span class='ocrx_word' id='word_1_140' title='bbox 160 2749 253 2814; x_wconf 88' lang='lat' dir='ltr'><strong>Otho</strong></span> <span class='ocrx_word' id='word_1_141' title='bbox 278 2748 364 2812; x_wconf 95' lang='lat' dir='ltr'><strong>XVI</strong></span> <span class='ocrx_word' id='word_1_142' title='bbox 405 2748 498 2812; x_wconf 85' lang='lat' dir='ltr'><strong>Otho</strong></span> <span class='ocrx_word' id='word_1_143' title='bbox 530 2747 641 2812; x_wconf 85' lang='lat' dir='ltr'><strong>fratris</strong></span> <span class='ocrx_word' id='word_1_144' title='bbox 672 2748 777 2812; x_wconf 88' lang='lat' dir='ltr'><strong>filium</strong></span> <span class='ocrx_word' id='word_1_145' title='bbox 809 2757 844 2811; x_wconf 90' lang='lat' dir='ltr'><strong>et</strong></span> <span class='ocrx_word' id='word_1_146' title='bbox 874 2748 939 2811; x_wconf 87' lang='lat' dir='ltr'><strong>alia</strong></span> <span class='ocrx_word' id='word_1_147' title='bbox 965 2757 1080 2811; x_wconf 91' lang='lat' dir='ltr'><strong>monet</strong></span> <span class='ocrx_word' id='word_1_148' title='bbox 1104 2758 1139 2811; x_wconf 90' lang='lat' dir='ltr'><strong>et</strong></span> <span class='ocrx_word' id='word_1_149' title='bbox 1162 2749 1245 2813; x_wconf 90' lang='lat' dir='ltr'><strong>hoc:</strong></span> <span class='ocrx_word' id='word_1_150' title='bbox 1270 2771 1306 2814; x_wconf 89' lang='lat' dir='ltr'><strong>se</strong></span> 
     </span>
     <span class='ocr_line' id='line_1_21' title="bbox 114 2865 1304 2950; baseline 0.002 -19"><span class='ocrx_word' id='word_1_151' title='bbox 114 2871 192 2932; x_wconf 91' lang='lat' dir='ltr'><strong>ideo</strong></span> <span class='ocrx_word' id='word_1_152' title='bbox 218 2869 369 2932; x_wconf 90' lang='lat' dir='ltr'><strong>nondum</strong></span> <span class='ocrx_word' id='word_1_153' title='bbox 393 2888 470 2931; x_wconf 89' lang='lat' dir='ltr'><strong>eum</strong></span> <span class='ocrx_word' id='word_1_154' title='bbox 496 2869 676 2950; x_wconf 90' lang='lat' dir='ltr'><strong>adoptasse</strong></span> <span class='ocrx_word' id='word_1_155' title='bbox 700 2866 776 2930; x_wconf 71' lang='grc' dir='ltr'><strong>ἀλλ’</strong></span> <span class='ocrx_word' id='word_1_156' title='bbox 796 2865 1017 2944; x_wconf 70' lang='grc' dir='ltr'><strong><em>ἀναβαλέσθαι</em></strong></span> <span class='ocrx_word' id='word_1_157' title='bbox 1037 2867 1238 2944; x_wconf 72' lang='grc' dir='ltr'><strong><em>μνημονεύειν</em></strong></span> <span class='ocrx_word' id='word_1_158' title='bbox 1259 2865 1304 2933; x_wconf 86' lang='grc' dir='ltr'><strong>ύσι</strong></span> 
     </span>
     <span class='ocr_line' id='line_1_22' title="bbox 114 2987 1305 3072; baseline 0.001 -18"><span class='ocrx_word' id='word_1_159' title='bbox 114 2997 237 3069; x_wconf 82' lang='grc' dir='ltr'><strong><em>Καῖσαρ</em></strong></span> <span class='ocrx_word' id='word_1_160' title='bbox 270 2989 377 3052; x_wconf 71' lang='lat' dir='ltr'><strong>ridere?</strong></span> <span class='ocrx_word' id='word_1_161' title='bbox 406 2988 462 3061; x_wconf 74' lang='lat' dir='ltr'><strong>riu</strong></span> <span class='ocrx_word' id='word_1_162' title='bbox 493 2987 662 3062; x_wconf 76' lang='grc' dir='ltr'><strong><em>εἰσποίησιν</em></strong></span> <span class='ocrx_word' id='word_1_163' title='bbox 693 2997 729 3051; x_wconf 88' lang='lat' dir='ltr'><strong>ut</strong></span> <span class='ocrx_word' id='word_1_164' title='bbox 752 3009 867 3052; x_wconf 88' lang='lat' dir='ltr'><strong>secum</strong></span> <span class='ocrx_word' id='word_1_165' title='bbox 892 2990 1021 3052; x_wconf 89' lang='lat' dir='ltr'><strong>victore</strong></span> <span class='ocrx_word' id='word_1_166' title='bbox 1045 2999 1212 3072; x_wconf 86' lang='lat' dir='ltr'><strong>regnaret,</strong></span> <span class='ocrx_word' id='word_1_167' title='bbox 1237 3011 1305 3055; x_wconf 91' lang='lat' dir='ltr'><strong>non</strong></span> 
     </span>
     <span class='ocr_line' id='line_1_23' title="bbox 115 3107 1305 3191; baseline 0.003 -19"><span class='ocrx_word' id='word_1_168' title='bbox 115 3111 206 3173; x_wconf 92' lang='lat' dir='ltr'><strong>victo</strong></span> <span class='ocrx_word' id='word_1_169' title='bbox 230 3110 392 3173; x_wconf 89' lang='lat' dir='ltr'><strong>interiret.</strong></span> <span class='ocrx_word' id='word_1_170' title='bbox 418 3107 547 3182; x_wconf 89' lang='lat' dir='ltr'><strong>Nullus,</strong></span> <span class='ocrx_word' id='word_1_171' title='bbox 573 3117 610 3170; x_wconf 91' lang='lat' dir='ltr'><strong>ut</strong></span> <span class='ocrx_word' id='word_1_172' title='bbox 633 3109 765 3190; x_wconf 88' lang='lat' dir='ltr'><strong>opinor,</strong></span> <span class='ocrx_word' id='word_1_173' title='bbox 786 3109 959 3191; x_wconf 88' lang='lat' dir='ltr'><strong>scriptoris</strong></span> <span class='ocrx_word' id='word_1_174' title='bbox 979 3109 1102 3172; x_wconf 89' lang='lat' dir='ltr'><strong>veteris</strong></span> <span class='ocrx_word' id='word_1_175' title='bbox 1121 3109 1214 3174; x_wconf 90' lang='lat' dir='ltr'><strong>locus</strong></span> <span class='ocrx_word' id='word_1_176' title='bbox 1234 3118 1305 3176; x_wconf 90' lang='lat' dir='ltr'><strong>tam</strong></span> 
     </span>
     <span class='ocr_line' id='line_1_24' title="bbox 116 3227 1306 3311; baseline 0.003 -20"><span class='ocrx_word' id='word_1_177' title='bbox 116 3229 255 3292; x_wconf 91' lang='lat' dir='ltr'><strong>ridicule</strong></span> <span class='ocrx_word' id='word_1_178' title='bbox 276 3237 454 3311; x_wconf 88' lang='lat' dir='ltr'><strong>corruptus</strong></span> <span class='ocrx_word' id='word_1_179' title='bbox 478 3236 539 3303; x_wconf 88' lang='lat' dir='ltr'><strong>est,</strong></span> <span class='ocrx_word' id='word_1_180' title='bbox 565 3227 674 3290; x_wconf 90' lang='lat' dir='ltr'><strong>nullus</strong></span> <span class='ocrx_word' id='word_1_181' title='bbox 698 3237 768 3291; x_wconf 88' lang='lat' dir='ltr'><strong>tam</strong></span> <span class='ocrx_word' id='word_1_182' title='bbox 792 3237 885 3291; x_wconf 86' lang='lat' dir='ltr'><strong>certa</strong></span> <span class='ocrx_word' id='word_1_183' title='bbox 909 3230 1148 3293; x_wconf 88' lang='lat' dir='ltr'><strong>emendatione</strong></span> <span class='ocrx_word' id='word_1_184' title='bbox 1172 3232 1306 3294; x_wconf 90' lang='lat' dir='ltr'><strong>restitu-</strong></span> 
     </span>
     <span class='ocr_line' id='line_1_25' title="bbox 116 3342 1305 3430; baseline 0.003 -18"><span class='ocrx_word' id='word_1_185' title='bbox 116 3357 168 3412; x_wconf 90' lang='lat' dir='ltr'><strong>tus</strong></span> <span class='ocrx_word' id='word_1_186' title='bbox 200 3350 233 3412; x_wconf 95' lang='lat' dir='ltr'><strong>in</strong></span> <span class='ocrx_word' id='word_1_187' title='bbox 266 3350 445 3430; x_wconf 90' lang='lat' dir='ltr'><strong>integrum.</strong></span> <span class='ocrx_word' id='word_1_188' title='bbox 475 3342 670 3430; x_wconf 88' lang='lat' dir='ltr'><strong>Sequuritur</strong></span> <span class='ocrx_word' id='word_1_189' title='bbox 694 3349 784 3411; x_wconf 92' lang='lat' dir='ltr'><strong>enim</strong></span> <span class='ocrx_word' id='word_1_190' title='bbox 809 3348 892 3411; x_wconf 91' lang='lat' dir='ltr'><strong>haec</strong></span> <span class='ocrx_word' id='word_1_191' title='bbox 918 3349 1107 3412; x_wconf 90' lang='lat' dir='ltr'><strong>notissima:</strong></span> <span class='ocrx_word' id='word_1_192' title='bbox 1138 3351 1215 3429; x_wconf 85' lang='lat' dir='ltr'><strong>„sed</strong></span> <span class='ocrx_word' id='word_1_193' title='bbox 1241 3350 1305 3415; x_wconf 91' lang='lat' dir='ltr'><strong>hoc</strong></span> 
     </span>
     <span class='ocr_line' id='line_1_26' title="bbox 115 3466 1304 3551; baseline -0.001 -20"><span class='ocrx_word' id='word_1_194' title='bbox 115 3489 196 3551; x_wconf 86' lang='lat' dir='ltr'><strong>prae</strong></span> <span class='ocrx_word' id='word_1_195' title='bbox 226 3469 348 3531; x_wconf 89' lang='lat' dir='ltr'><strong>ceteris</strong></span> <span class='ocrx_word' id='word_1_196' title='bbox 379 3476 423 3542; x_wconf 90' lang='lat' dir='ltr'><strong>te,</strong></span> <span class='ocrx_word' id='word_1_197' title='bbox 458 3467 502 3529; x_wconf 90' lang='lat' dir='ltr'><strong>mi</strong></span> <span class='ocrx_word' id='word_1_198' title='bbox 536 3466 593 3542; x_wconf 83' lang='lat' dir='ltr'><strong>fili,</strong></span> <span class='ocrx_word' id='word_1_199' title='bbox 625 3486 748 3530; x_wconf 90' lang='lat' dir='ltr'><strong>moneo</strong></span> <span class='ocrx_word' id='word_1_200' title='bbox 780 3469 862 3542; x_wconf 73' lang='grc' dir='ltr'><strong><em>μήτε</em></strong></span> <span class='ocrx_word' id='word_1_201' title='bbox 890 3467 1090 3531; x_wconf 81' lang='grc' dir='ltr'><strong><em>ἕπολιούέσύαι</em></strong></span> <span class='ocrx_word' id='word_1_202' title='bbox 1115 3467 1304 3531; x_wconf 81' lang='grc' dir='ltr'><strong><em>σανταίιιασι</em></strong></span> 
     </span>
     <span class='ocr_line' id='line_1_27' title="bbox 114 3581 1305 3671; baseline 0.004 -24"><span class='ocrx_word' id='word_1_203' title='bbox 114 3589 198 3664; x_wconf 72' lang='grc' dir='ltr'><strong><em>μήτε</em></strong></span> <span class='ocrx_word' id='word_1_204' title='bbox 223 3585 309 3664; x_wconf 72' lang='grc' dir='ltr'><strong><em>ἄγαν</em></strong></span> <span class='ocrx_word' id='word_1_205' title='bbox 336 3587 537 3662; x_wconf 76' lang='grc' dir='ltr'><strong><em>μνημονεύειν</em></strong></span> <span class='ocrx_word' id='word_1_206' title='bbox 561 3581 606 3649; x_wconf 84' lang='grc' dir='ltr'><strong>ύσι</strong></span> <span class='ocrx_word' id='word_1_207' title='bbox 632 3585 776 3663; x_wconf 86' lang='grc' dir='ltr'><strong><em>Καίσαρα</em></strong></span> <span class='ocrx_word' id='word_1_208' title='bbox 801 3587 876 3650; x_wconf 80' lang='grc' dir='ltr'><strong><em>ύεῑον</em></strong></span> <span class='ocrx_word' id='word_1_209' title='bbox 897 3584 1027 3666; x_wconf 79' lang='grc' dir='ltr'><strong><em>ίσχες.”</em></strong></span> <span class='ocrx_word' id='word_1_210' title='bbox 1048 3589 1136 3651; x_wconf 89' lang='lat' dir='ltr'><strong>Hinc</strong></span> <span class='ocrx_word' id='word_1_211' title='bbox 1157 3590 1190 3652; x_wconf 91' lang='lat' dir='ltr'><strong>in</strong></span> <span class='ocrx_word' id='word_1_212' title='bbox 1211 3610 1305 3671; x_wconf 90' lang='lat' dir='ltr'><strong>prae·</strong></span> 
     </span>
     <span class='ocr_line' id='line_1_28' title="bbox 114 3701 1305 3792; baseline 0 -19"><span class='ocrx_word' id='word_1_213' title='bbox 114 3709 273 3773; x_wconf 91' lang='lat' dir='ltr'><strong>cedentia</strong></span> <span class='ocrx_word' id='word_1_214' title='bbox 305 3708 503 3771; x_wconf 87' lang='lat' dir='ltr'><strong>aberrarunt</strong></span> <span class='ocrx_word' id='word_1_215' title='bbox 528 3707 693 3770; x_wconf 91' lang='lat' dir='ltr'><strong>vocabula</strong></span> <span class='ocrx_word' id='word_1_216' title='bbox 717 3705 918 3781; x_wconf 80' lang='grc' dir='ltr'><strong><em>μνημονεύειν</em></strong></span> <span class='ocrx_word' id='word_1_217' title='bbox 942 3701 988 3768; x_wconf 85' lang='grc' dir='ltr'><strong>ίτι</strong></span> <span class='ocrx_word' id='word_1_218' title='bbox 1013 3707 1169 3785; x_wconf 81' lang='grc' dir='ltr'><strong><em>Καίσαρα,</em></strong></span> <span class='ocrx_word' id='word_1_219' title='bbox 1192 3729 1305 3792; x_wconf 89' lang='lat' dir='ltr'><strong>super·</strong></span> 
     </span>
     <span class='ocr_line' id='line_1_29' title="bbox 111 3821 1305 3909; baseline 0 -17"><span class='ocrx_word' id='word_1_220' title='bbox 111 3829 209 3892; x_wconf 89' lang='lat' dir='ltr'><strong>venit</strong></span> <span class='ocrx_word' id='word_1_221' title='bbox 233 3829 283 3890; x_wconf 89' lang='lat' dir='ltr'><strong>vir</strong></span> <span class='ocrx_word' id='word_1_222' title='bbox 306 3837 425 3890; x_wconf 85' lang='lat' dir='ltr'><strong>acutus</strong></span> <span class='ocrx_word' id='word_1_223' title='bbox 449 3829 506 3909; x_wconf 94' lang='lat' dir='ltr'><strong>qui</strong></span> <span class='ocrx_word' id='word_1_224' title='bbox 531 3828 620 3890; x_wconf 91' lang='lat' dir='ltr'><strong>istud</strong></span> <span class='ocrx_word' id='word_1_225' title='bbox 643 3823 843 3901; x_wconf 86' lang='grc' dir='ltr'><strong><em>μνημονεύειν</em></strong></span> <span class='ocrx_word' id='word_1_226' title='bbox 868 3821 913 3887; x_wconf 75' lang='lat' dir='ltr'><strong>ire</strong></span> <span class='ocrx_word' id='word_1_227' title='bbox 938 3832 1083 3903; x_wconf 84' lang='grc' dir='ltr'><strong><em>Καίσαρα</em></strong></span> <span class='ocrx_word' id='word_1_228' title='bbox 1108 3826 1212 3890; x_wconf 90' lang='lat' dir='ltr'><strong>semel</strong></span> <span class='ocrx_word' id='word_1_229' title='bbox 1233 3838 1305 3891; x_wconf 85' lang='lat' dir='ltr'><strong>tan·</strong></span> 
     </span>
     <span class='ocr_line' id='line_1_30' title="bbox 112 3945 1305 4030; baseline -0.001 -18"><span class='ocrx_word' id='word_1_230' title='bbox 112 3957 188 4013; x_wconf 92' lang='lat' dir='ltr'><strong>tum</strong></span> <span class='ocrx_word' id='word_1_231' title='bbox 219 3947 296 4011; x_wconf 83' lang='lat' dir='ltr'><strong>ferri</strong></span> <span class='ocrx_word' id='word_1_232' title='bbox 328 3968 427 4030; x_wconf 91' lang='lat' dir='ltr'><strong>posse</strong></span> <span class='ocrx_word' id='word_1_233' title='bbox 459 3947 665 4029; x_wconf 90' lang='lat' dir='ltr'><strong>perspiciens</strong></span> <span class='ocrx_word' id='word_1_234' title='bbox 696 3953 893 4008; x_wconf 87' lang='lat' dir='ltr'><strong>annotaret:</strong></span> <span class='ocrx_word' id='word_1_235' title='bbox 930 3945 1059 4024; x_wconf 88' lang='lat' dir='ltr'><strong>,exime</strong></span> <span class='ocrx_word' id='word_1_236' title='bbox 1091 3945 1218 4029; x_wconf 80' lang='grc' dir='ltr'><strong><em>(ύύέσει)</em></strong></span> <span class='ocrx_word' id='word_1_237' title='bbox 1243 3949 1305 4011; x_wconf 88' lang='lat' dir='ltr'><strong>ista</strong></span> 
     </span>
    </p>
   </div>
   <div class='ocr_carea' id='block_1_3' title="bbox 66 4043 1305 4146">
    <p class='ocr_par' dir='ltr' id='par_1_6' title="bbox 66 4043 1305 4146">
     <span class='ocr_line' id='line_1_31' title="bbox 66 4043 1305 4146; baseline 0.001 -16"><span class='ocrx_word' id='word_1_238' title='bbox 66 4043 70 4054; x_wconf 54' lang='grc'><strong>’</strong></span> <span class='ocrx_word' id='word_1_239' title='bbox 111 4093 147 4146; x_wconf 91' lang='grc' dir='ltr'><strong>μ.</strong></span> <span class='ocrx_word' id='word_1_240' title='bbox 171 4067 195 4130; x_wconf 85' lang='grc' dir='ltr'><strong>α’.</strong></span> <span class='ocrx_word' id='word_1_241' title='bbox 217 4066 287 4142; x_wconf 86' lang='grc' dir='ltr'><strong>Κ.”,</strong></span> <span class='ocrx_word' id='word_1_242' title='bbox 312 4068 371 4130; x_wconf 90' lang='lat' dir='ltr'><strong>sed</strong></span> <span class='ocrx_word' id='word_1_243' title='bbox 394 4074 525 4129; x_wconf 88' lang='lat' dir='ltr'><strong>mutato</strong></span> <span class='ocrx_word' id='word_1_244' title='bbox 546 4065 639 4127; x_wconf 93' lang='lat' dir='ltr'><strong>verbi</strong></span> <span class='ocrx_word' id='word_1_245' title='bbox 660 4062 763 4127; x_wconf 81' lang='grc' dir='ltr'><strong><em>ύύέσει</em></strong></span> <span class='ocrx_word' id='word_1_246' title='bbox 783 4074 924 4128; x_wconf 86' lang='lat' dir='ltr'><strong>accentu</strong></span> <span class='ocrx_word' id='word_1_247' title='bbox 946 4074 1019 4129; x_wconf 90' lang='lat' dir='ltr'><strong>tota</strong></span> <span class='ocrx_word' id='word_1_248' title='bbox 1039 4066 1110 4128; x_wconf 88' lang='lat' dir='ltr'><strong>eius</strong></span> <span class='ocrx_word' id='word_1_249' title='bbox 1128 4070 1305 4132; x_wconf 91' lang='lat' dir='ltr'><strong>annotatio</strong></span> 
     </span>
    </p>
   </div>
   <div class='ocr_carea' id='block_1_4' title="bbox 111 4185 1305 4506">
    <p class='ocr_par' dir='ltr' id='par_1_7' title="bbox 111 4185 1305 4506">
     <span class='ocr_line' id='line_1_32' title="bbox 111 4185 1305 4268; baseline -0.003 -14"><span class='ocrx_word' id='word_1_250' title='bbox 111 4189 226 4254; x_wconf 89' lang='lat' dir='ltr'><strong>verbis</strong></span> <span class='ocrx_word' id='word_1_251' title='bbox 250 4187 402 4250; x_wconf 91' lang='lat' dir='ltr'><strong>insiticiis</strong></span> <span class='ocrx_word' id='word_1_252' title='bbox 427 4185 514 4248; x_wconf 93' lang='lat' dir='ltr'><strong>ultro</strong></span> <span class='ocrx_word' id='word_1_253' title='bbox 540 4193 590 4248; x_wconf 89' lang='lat' dir='ltr'><strong>est</strong></span> <span class='ocrx_word' id='word_1_254' title='bbox 614 4186 757 4249; x_wconf 90' lang='lat' dir='ltr'><strong>adiecta.</strong></span> <span class='ocrx_word' id='word_1_255' title='bbox 783 4185 959 4268; x_wconf 87' lang='lat' dir='ltr'><strong>Perspexit</strong></span> <span class='ocrx_word' id='word_1_256' title='bbox 978 4206 1050 4248; x_wconf 91' lang='lat' dir='ltr'><strong>rem</strong></span> <span class='ocrx_word' id='word_1_257' title='bbox 1071 4195 1105 4249; x_wconf 90' lang='lat' dir='ltr'><strong>et</strong></span> <span class='ocrx_word' id='word_1_258' title='bbox 1125 4187 1305 4250; x_wconf 90' lang='lat' dir='ltr'><strong>Plutarcho</strong></span> 
     </span>
     <span class='ocr_line' id='line_1_33' title="bbox 111 4303 1305 4388; baseline -0.003 -15"><span class='ocrx_word' id='word_1_259' title='bbox 111 4309 257 4374; x_wconf 90' lang='lat' dir='ltr'><strong>salutem</strong></span> <span class='ocrx_word' id='word_1_260' title='bbox 279 4305 393 4369; x_wconf 86' lang='lat' dir='ltr'><strong>attulit</strong></span> <span class='ocrx_word' id='word_1_261' title='bbox 413 4303 623 4368; x_wconf 80' lang='lat' dir='ltr'><strong>Schaeserus</strong></span> <span class='ocrx_word' id='word_1_262' title='bbox 644 4303 738 4368; x_wconf 89' lang='lat' dir='ltr'><strong>Scire</strong></span> <span class='ocrx_word' id='word_1_263' title='bbox 759 4305 923 4387; x_wconf 91' lang='lat' dir='ltr'><strong>pervelim</strong></span> <span class='ocrx_word' id='word_1_264' title='bbox 945 4327 1013 4388; x_wconf 91' lang='lat' dir='ltr'><strong>quo</strong></span> <span class='ocrx_word' id='word_1_265' title='bbox 1035 4307 1138 4369; x_wconf 91' lang='lat' dir='ltr'><strong>modo</strong></span> <span class='ocrx_word' id='word_1_266' title='bbox 1151 4306 1305 4369; x_wconf 91' lang='lat' dir='ltr'><strong>hodierni</strong></span> 
     </span>
     <span class='ocr_line' id='line_1_34' title="bbox 112 4423 1304 4506; baseline -0.001 -15"><span class='ocrx_word' id='word_1_267' title='bbox 112 4427 206 4492; x_wconf 90' lang='lat' dir='ltr'><strong>docti</strong></span> <span class='ocrx_word' id='word_1_268' title='bbox 242 4423 538 4506; x_wconf 77' lang='lat' dir='ltr'><strong>„conservatores”</strong></span> <span class='ocrx_word' id='word_1_269' title='bbox 570 4423 753 4486; x_wconf 90' lang='lat' dir='ltr'><strong>lectionem</strong></span> <span class='ocrx_word' id='word_1_270' title='bbox 785 4425 945 4487; x_wconf 91' lang='lat' dir='ltr'><strong>traditam</strong></span> <span class='ocrx_word' id='word_1_271' title='bbox 981 4424 1177 4490; x_wconf 82' lang='lat' dir='ltr'><strong>defendant.</strong></span> <span class='ocrx_word' id='word_1_272' title='bbox 1216 4425 1304 4490; x_wconf 89' lang='lat' dir='ltr'><strong>Nam</strong></span> 
     </span>
    </p>
   </div>
   <div class='ocr_carea' id='block_1_5' title="bbox 0 0 1629 5230">
    <p class='ocr_par' dir='ltr' id='par_1_8' title="bbox 0 0 1629 5230">
     <span class='ocr_line' id='line_1_35' title="bbox 0 0 1629 5230; baseline 0 0"><span class='ocrx_word' id='word_1_273' title='bbox 0 0 1629 5230; x_wconf 95' lang='lat' dir='ltr'><strong> </strong></span> 
     </span>
    </p>
   </div>
  </div>
 </body>
</html>
