3258 5240
686 437 729 506 47

155 603 235 668 Non
258 603 330 665 sine
350 611 551 685 contemptu
572 611 607 665 et
628 603 808 679 derisione,
830 611 868 666 ut
887 604 1018 686 opinor,
1040 603 1110 666 dux
1130 602 1186 666 ille
1206 605 1305 667 nimis

109 725 265 808 pavidus,
289 724 346 805 qui
371 723 560 786 identidem
585 723 618 785 in
643 743 753 805 genua
777 724 980 808 procumbit,
1004 724 1098 786 humi
1110 723 1308 807 plerumque

107 856 240 908 stratus
263 844 395 906 dicitur.
420 842 496 905 Hoc
521 844 612 906 enim
637 843 699 905 nisi
723 844 862 906 Tacitus
885 843 1002 919 voluit,
1026 845 1201 926 quomodo
1222 845 1303 908 illud

102 964 303 1047 plerumque
325 971 377 1025 est
399 939 659 1043 accipiendum?

154 1082 251 1165 Apte
275 1082 418 1145 conferri
442 1089 557 1163 potest
579 1082 673 1162 quod
697 1101 725 1144 c.
750 1081 792 1163 63
817 1080 968 1145 eiusdem
992 1081 1069 1145 libri
1092 1082 1230 1166 legitur:

158 1202 258 1283 ,Non
279 1203 422 1264 omisere
442 1221 503 1284 per
523 1220 582 1263 eos
602 1200 675 1264 dies
695 1200 825 1262 Primus
845 1220 883 1262 ac
906 1199 1016 1264 Varus
1034 1202 1161 1266 crebris
1178 1204 1305 1267 nuntiis

108 1321 257 1385 salutem
288 1330 322 1384 et
355 1320 533 1404 pecuniam
565 1328 601 1382 et
623 1328 755 1383 secreta
778 1319 984 1402 Campaniae
1008 1321 1128 1385 offerre
1153 1322 1304 1399 Vitellio,

109 1443 137 1505 si
165 1442 284 1525 positis
308 1441 409 1504 armis
428 1459 532 1522 seque
552 1459 591 1501 ac
611 1439 736 1502 liberos
755 1459 834 1502 suos
854 1438 1067 1522 Vespasiano
1086 1442 1302 1523 permisisset.

109 1563 150 1625 In
179 1563 326 1626 eundem
351 1561 489 1624 modum
514 1568 548 1623 et
573 1559 750 1622 Mucianus
773 1560 965 1642 composuit
985 1560 1160 1643 epistulas,
1181 1563 1304 1644 quibus

109 1682 312 1764 plerumque
337 1680 441 1744 fidere
467 1679 625 1743 Vitellius
648 1699 687 1742 ac
708 1679 751 1742 de
772 1698 913 1741 numero
932 1698 1116 1755 servorum,
1137 1680 1304 1744 electione

108 1802 250 1865 litorum
275 1799 401 1882 loqui”.

157 1920 293 1983 Nostris
316 1920 370 1983 hic
391 1919 496 1983 oculis
517 1919 672 1981 videmus
691 1917 878 1993 Vitellium,
899 1918 1072 1982 hominem
1093 1920 1252 2002 ignavum
1270 1931 1305 1986 et

109 2040 328 2123 imperatoris
360 2040 496 2102 nomine
528 2058 631 2120 quarn
663 2037 932 2119 indignissimum
964 2037 1079 2120 (talem
1111 2049 1203 2103 certe
1227 2061 1305 2104 eum

108 2159 306 2242 legentibus
330 2159 437 2221 videri
457 2159 551 2241 cupit
570 2157 730 2238 Tacitus),
751 2157 851 2219 anxie
872 2158 953 2238 quid
974 2167 1053 2240 agat
1073 2169 1304 2240 quaerentem,

109 2289 147 2343 et
182 2298 271 2342 nunc
302 2277 379 2354 huc,
410 2296 500 2340 nunc
531 2276 609 2339 illuc
642 2284 898 2339 convertentem
929 2285 1089 2352 mentem,
1113 2280 1173 2341 sed
1197 2280 1244 2342 ita
1268 2289 1305 2343 ut

110 2400 263 2462 maxime
282 2408 397 2462 tamen
417 2397 588 2480 promissis
607 2397 743 2478 quietae
760 2396 939 2478 lautaeque
953 2397 1043 2460 vitae
1055 2397 1229 2462 alliciatur.
1244 2399 1305 2462 llla

108 2521 229 2604 pavidi
253 2521 399 2584 hominis
421 2518 606 2601 trepidatio
631 2517 779 2580 maxime
803 2515 860 2579 illo
877 2515 1074 2599 plerumque
1097 2517 1302 2600 depingitur.
