3248 5230
903 464 968 530 254

341 629 431 712 poris
456 629 624 712 (reperire)
650 649 728 692 usus
748 638 837 691 esset
856 629 1025 692 infinitivo
1045 631 1105 692 sed
1126 627 1277 712 perlecti.
1303 630 1406 693 Hisce
1427 632 1533 693 omni·

340 749 403 811 bus
423 748 599 832 perpensis
620 768 681 830 pro
702 749 849 830 reperiri
867 747 1050 829 legendum
1071 768 1193 811 censeo
1206 748 1360 832 probari,
1373 749 1429 812 vel
1442 749 1530 812 aliud

341 867 423 950 quid
447 869 480 928 in
506 869 650 930 eandem
673 867 888 930 sententiam.

385 1105 430 1167 A.
451 1104 529 1180 XV,
550 1105 580 1167 8.
605 1105 738 1179 Paetus,
760 1123 865 1167 vanus
885 1103 940 1166 ille
959 1103 1162 1168 Corbulonis
1174 1104 1333 1180 aemulus,
1347 1125 1417 1187 quo
1430 1105 1534 1168 modo

342 1224 447 1287 multa
470 1225 604 1306 agendo
629 1223 711 1286 nihil
735 1224 852 1305 egerit,
878 1224 959 1305 quin
983 1223 1087 1286 etiam
1110 1224 1144 1286 in
1164 1244 1332 1288 summum
1353 1225 1535 1288 discrimen

343 1364 414 1406 rem
438 1344 629 1419 adduxerit,
654 1343 705 1406 his
729 1343 841 1406 verbis
866 1343 1081 1407 describitur:

392 1463 623 1546 ›Longinquis
635 1463 811 1526 itineribus
824 1464 1063 1546 percursando,
1077 1484 1164 1546 quae
1178 1463 1323 1526 obtineri
1337 1464 1536 1547 nequibant,

343 1591 514 1666 corrupto,
539 1583 596 1664 qui
621 1592 740 1664 captus
765 1591 847 1658 erat,
873 1592 1065 1646 commeatu
1090 1592 1125 1646 et
1150 1585 1297 1648 instante
1321 1586 1388 1647 iam
1412 1585 1536 1660 hieme,

344 1702 479 1766 reduxit
503 1701 725 1765 exercitum.”

391 1821 635 1906 Corrumpendi
657 1829 867 1885 commeatus
889 1822 989 1896 nulla,
1010 1831 1048 1886 ut
1067 1824 1199 1906 opinor,
1220 1844 1321 1887 causa
1340 1823 1419 1900 suit;
1442 1827 1538 1906 quod

343 1943 370 2006 si
402 1942 516 2024 aliquo
546 1941 729 2004 infortunio
753 1940 880 2004 sactum
904 1951 992 2004 esset
1016 1951 1053 2005 ut
1078 1943 1187 2025 ipsum
1211 1941 1293 2006 illud
1318 1942 1537 2019 frumentum,

344 2063 437 2144 quod
470 2060 608 2136 milites
642 2061 707 2124 huc
738 2061 816 2123 illuc
848 2081 868 2124 a
901 2061 1005 2124 Paeto
1038 2063 1136 2144 rapti,
1161 2062 1314 2144 praedati
1338 2070 1443 2137 erant,
1464 2081 1541 2124 cor·

345 2190 567 2264 rumperetur,
592 2180 672 2242 boni
697 2180 962 2262 scriptoris,erat
982 2201 1069 2262 quae
1090 2201 1129 2243 ea
1150 2180 1248 2243 luerit
1268 2179 1442 2244 calamitas
1462 2201 1542 2244 nar-

345 2320 429 2363 rare.
462 2300 550 2364 Nam
582 2319 686 2362 unum
717 2298 798 2362 illud
830 2300 922 2380 quod
956 2299 1043 2362 ultro
1075 2300 1228 2382 citroque
1253 2307 1391 2363 currunt
1415 2300 1544 2364 milites

345 2419 514 2483 frumento
545 2438 663 2501 parum
689 2426 800 2480 nocet.
831 2415 922 2498 Quid
946 2419 1039 2499 quod
1064 2438 1106 2480 ne
1130 2431 1284 2503 corrupto
1308 2419 1446 2500 quidem
1470 2417 1544 2482 iru-

346 2547 461 2602 mento
486 2558 572 2620 opus
596 2536 657 2600 fuit
681 2545 719 2599 ut
739 2544 854 2599 tamen
874 2545 1066 2600 commeatu
1084 2538 1181 2601 vacui
1203 2539 1236 2601 in
1257 2547 1366 2602 castra
1386 2538 1542 2600 redirent

345 2659 478 2722 milites.
499 2656 711 2740 Longinquis
730 2655 906 2719 itineribus
921 2665 973 2719 sat
985 2655 1125 2739 longum
1137 2666 1272 2740 tempus
1284 2657 1543 2740 insumpserunt

345 2779 478 2853 milites,
510 2778 624 2858 itaque
656 2776 749 2857 quod
779 2783 962 2857 rapuerant
986 2775 1191 2838 frumentum
1216 2777 1438 2839 comederunt
1461 2775 1544 2858 ipsi.

345 2898 439 2979 Lege
463 2915 543 2978 ergo
568 2906 754 2978 consumpto
776 2913 838 2976 pro
862 2905 1028 2978 corrupto.
1057 2892 1113 2957 Sic
1137 2894 1236 2958 simul
1260 2895 1366 2977 inepti
1391 2894 1548 2957 hominis

345 3016 477 3079 vanitas
507 3014 686 3078 salsissime
717 3013 971 3096 perstringitur:
999 3015 1256 3095 ,percursando
1280 3034 1368 3095 quae
1392 3014 1548 3077 obtineri

347 3135 545 3216 nequibant,
577 3140 790 3214 consumpt0,
824 3133 881 3212 qui
911 3140 1031 3213 captus
1062 3141 1145 3208 erat,
1178 3141 1371 3196 commeatu
1402 3133 1548 3195 reduxit

346 3251 565 3318 exercitum.”
587 3251 679 3314 Nihil
699 3251 797 3314 solidi
819 3251 962 3333 imperio
984 3250 1140 3314 Romano
1160 3252 1386 3334 acquisiverat
1403 3252 1547 3328 Paetus,

345 3382 391 3449 et,
415 3374 508 3455 quod
532 3369 641 3434 solum
665 3378 832 3452 rapuerat,
858 3369 1072 3445 frumentum,
1098 3370 1179 3433 illud
1201 3371 1244 3433 ab
1265 3372 1346 3453 ipsis
1366 3378 1438 3433 erat
1457 3389 1547 3433 con·

346 3501 519 3576 sumptum
540 3489 710 3553 militibus.
732 3488 863 3551 Vocem
884 3496 998 3551 autem
1019 3498 1177 3572 quaeest
1196 3501 1403 3574 consumptus
1424 3489 1547 3554 multis

344 3613 446 3675 luisse
470 3610 654 3673 obnoxiam
679 3606 811 3670 casibus
835 3608 936 3671 docet
961 3607 1005 3670 A.
1030 3607 1107 3683 XV,
1132 3623 1172 3692 57
1198 3608 1262 3691 (De
1284 3608 1444 3691 Epichari
1464 3629 1547 3674 cru-

346 3731 516 3794 delissima
535 3736 715 3811 spernente
735 3735 906 3790 tormenta
919 3735 1089 3791 narratum
1102 3737 1163 3792 est.
1185 3727 1295 3810 Quam
1309 3729 1548 3794 narrationem

346 3853 393 3914 sic
418 3851 544 3913 claudit
568 3847 741 3931 scriptor):

396 3970 470 4051 ,Sic
495 3970 621 4052 primus
645 3967 856 4050 quaestionis
881 3966 952 4028 dies
975 3975 1192 4049 contemptus
1217 3966 1301 4030 est.’'

393 4090 441 4155 Ut
477 4089 631 4170 ineptum
667 4086 748 4149 illud
780 4097 979 4169 contemptus
1009 4085 1063 4148 hic
1094 4087 1256 4149 scriberet
1288 4084 1384 4148 iacile
1414 4085 1553 4149 adduci

348 4209 461 4292 potuit
484 4205 655 4269 librarius:
680 4203 817 4286 legebat
838 4203 928 4267 enim
949 4204 992 4266 de
1013 4203 1151 4267 muliere
1171 4206 1338 4268 cruciatus
1357 4214 1553 4285 spernente

349 4338 383 4392 et
415 4337 639 4399 contemnente,
664 4333 698 4387 et
724 4333 899 4406 praeterea
923 4333 1002 4386 ante
1026 4325 1142 4388 oculos
1166 4324 1314 4388 habebat
1338 4343 1461 4387 vocem
1487 4327 1554 4388 ad-

350 4447 489 4510 modum
522 4445 568 4524 illi
601 4455 798 4526 contemptus
830 4441 991 4505 similem:
1024 4455 1240 4527 consumptus,
1272 4462 1374 4524 quam
1405 4443 1552 4524 optimo
