3258 5240
683 409 723 471 41

117 573 247 636 Verum
273 574 447 636 cautiorne
471 582 505 636 et
530 575 728 657 prudentior
753 575 786 637 in
811 573 1021 657 proferendis
1041 575 1080 637 iis
1100 594 1187 656 quae
1208 573 1311 636 lando

114 693 249 755 audivit
273 692 411 755 Tacitus
433 712 506 756 esse
531 691 636 757 soleti
661 693 771 756 Immo
795 713 876 756 vero
900 694 934 756 in
956 714 1085 757 errores
1105 687 1223 757 incidit
1243 713 1311 756 non

116 813 230 874 minus
256 813 400 895 ineptos,
425 833 528 894 quam
552 812 607 876 ille
630 822 683 876 est
705 833 807 895 quem
832 834 875 876 ex
900 814 1072 896 Euripidis
1097 813 1179 877 Vita
1203 812 1311 876 attuli.
1390 881 1392 884 ,

117 930 209 1012 Quid
242 932 335 1013 quod
359 943 506 1014 prorsus
528 933 635 996 eodem
661 934 754 997 modo
778 954 919 1015 peccare
944 935 1065 1016 potuit.
1092 933 1191 998 Certe
1214 932 1315 997 semel
1342 924 1344 974 †

116 1051 152 1114 id
184 1051 215 1113 ei
247 1051 410 1114 accidisse
441 1052 508 1113 iam
540 1072 602 1135 pro
627 1061 721 1115 certo
745 1061 888 1115 constat.
915 1053 991 1116 Hoc
1015 1054 1073 1135 qui
1099 1061 1209 1135 negat,
1234 1073 1312 1115 eum

116 1169 203 1252 fugit
223 1169 420 1233 doctissima
439 1171 618 1252 quaedam,
640 1171 918 1252 ingeniosissima,
938 1172 982 1234 ad
1002 1171 1185 1253 legendum
1198 1171 1312 1234 iucun-

116 1290 257 1352 dissima
293 1287 419 1352 Naberi
456 1289 561 1351 nostri
597 1289 783 1370 disputatio
818 1290 852 1352 in
889 1263 1133 1372 Mnemosyncs
1167 1289 1233 1352 vol.
1269 1305 1312 1354 20

117 1407 176 1491 (A.
217 1408 310 1490 1892)
346 1428 379 1490 p.
410 1423 477 1488 410
508 1429 583 1491 sqq.
615 1410 879 1472 demonstrantis
910 1429 1133 1492 quaecunque
1164 1410 1208 1472 de
1240 1407 1311 1472 Silii

119 1529 390 1610 Messalinaeque
411 1529 538 1611 nuptiis
556 1548 576 1591 a
595 1529 717 1592 Tacito
736 1529 915 1592 traduntur
928 1530 1030 1612 facta
1050 1550 1122 1592 esse
1140 1547 1313 1610 nunquam

117 1649 180 1711 sed
212 1660 287 1712 acta
317 1649 351 1710 in
382 1668 485 1710 scena
516 1649 673 1730 quadam,
700 1648 881 1712 Messalina
904 1650 939 1711 in
963 1649 1068 1712 hortis
1091 1648 1159 1710 suis
1182 1654 1314 1729 specta·

117 1766 233 1831 culum
268 1767 391 1830 edente
427 1786 496 1849 quo
531 1766 665 1841 Bacchi,
701 1767 881 1844 Ariadnes,
919 1767 1070 1844 Penthei,
1106 1766 1313 1831 Baccharum

120 1887 274 1970 partibus
297 1887 358 1950 viri
383 1886 606 1969 mulieresque
631 1886 850 1969 fungerentur
873 1887 1013 1951 nobiles.

167 2006 220 2069 De
246 2014 321 2069 toto
345 2013 461 2068 autem
485 2007 621 2088 navigio
645 2007 710 2069 isto
734 2007 861 2070 nefario
885 2008 977 2070 idem
1000 2006 1217 2070 statuendum
1242 2023 1315 2066 esse

119 2129 247 2190 invitus
279 2134 422 2189 testatur
454 2127 521 2189 Dio
552 2126 685 2190 Cassius
717 2126 934 2210 (Xiphilinus)
968 2127 1006 2190 L.
1040 2125 1121 2189 LXI
1149 2144 1176 2187 c.
1203 2139 1244 2206 59
1269 2125 1316 2186 ita

121 2265 276 2310 narrans:

171 2361 239 2428 ἐπεὶ
268 2363 298 2428 δὲ
322 2363 357 2426 εἰι
380 2367 434 2427 τοῦ
458 2367 636 2443 προφανοῦς
660 2361 768 2428 ὤκνουν
794 2366 827 2447 (ii
852 2367 909 2447 qui
936 2364 1063 2428 Neroni
1090 2364 1205 2426 matris
1228 2363 1316 2426 occi-

124 2487 261 2548 dendae
286 2486 450 2549 dederant
475 2485 665 2568 consilium)
686 2484 721 2548 τὸ
746 2481 833 2563 ἔργον
858 2483 910 2548 καὶ
936 2481 1042 2564 κρύφα
1067 2481 1116 2547 διθι
1136 2479 1315 2561 Φαρμοθκων

121 2608 177 2669 οθιι
201 2597 288 2684 εἶχον
312 2603 410 2676 αθτθιν
437 2604 559 2668 οὶνελεῒν
586 2603 705 2688 (πάντα
729 2604 791 2684 γὰρ
815 2603 914 2680 ἐκεθνη
936 2606 1069 2685 ῐοχυριῖις
1091 2600 1316 2684 ἐφυλάσσετο),

121 2730 200 2789 ναῦν
233 2723 346 2795 talum
378 2725 409 2788 ἐν
441 2726 482 2804 τῷ
514 2722 630 2806 θεοθτρῳ
654 2723 857 2803 διαλυομένην
881 2749 917 2789 τε
941 2724 1039 2798 αὐτην
1063 2723 1117 2800 ἐφ’
1141 2721 1238 2794 αὐτῆς
1263 2719 1318 2784 ιιαθ

119 2869 194 2910 τινα
214 2844 301 2926 θηρία
321 2846 473 2927 ἀφιεῖσαν
493 2844 546 2910 καὶ
567 2845 796 2924 συνισταμένην
818 2840 857 2910 αὗ
879 2844 976 2910 τιθιιιν
997 2842 1076 2910 ὥστε
1095 2842 1147 2908 καὶ
1163 2843 1317 2924 ἐρρῶσθαι,

120 2965 270 3042 τοιαύτην
295 2965 401 3046 ἑτέραν
424 2966 551 3046 ταχέως
576 2966 849 3044 ἐναντηγηοαντο.

170 3089 230 3164 At,
254 3108 276 3150 o
300 3087 401 3162 bone,
433 3107 501 3150 non
528 3086 666 3162 Neroni,
692 3088 883 3170 Poppaeae,
909 3086 1060 3151 Senecae
1084 3085 1209 3168 navigii
1233 3092 1318 3147 stru·

122 3209 205 3272 endi
237 3207 414 3270 consilium
443 3207 587 3269 subiecit
611 3207 700 3270 istud
724 3206 965 3290 spectaculum,
989 3208 1050 3270 sed
1079 3207 1188 3271 Taciti
1209 3226 1254 3268 ex
1277 3225 1319 3268 eo

123 3335 209 3392 nata
239 3335 291 3390 est
317 3327 473 3401 narratio,
498 3325 551 3388 vel
576 3327 688 3408 potius
713 3327 893 3389 rumusculi
917 3327 996 3390 inde
1021 3327 1085 3389 orti
1110 3334 1188 3388 sunt
1213 3345 1319 3407 popu·

124 3449 223 3522 lares
256 3445 378 3528 quibus
407 3465 523 3507 aurem
554 3445 710 3528 praebuit
734 3445 882 3509 Tacitus
906 3444 1066 3529 Suspicor
1089 3454 1204 3508 autem
1228 3445 1319 3526 (nam

123 3567 202 3650 quis
233 3566 267 3630 in
299 3573 395 3628 tanta
423 3585 532 3628 rerum
557 3564 812 3648 perturbatione
837 3585 899 3646 pro
924 3573 1017 3627 certo
1041 3565 1229 3646 quidquam
1253 3571 1319 3626 sta·

122 3694 198 3750 tuat
207 3683 230 3768 i)
255 3683 456 3767 Vespasiani
481 3683 550 3746 lere
569 3692 725 3766 tempore
745 3685 778 3747 in
799 3703 900 3746 scena
920 3692 1033 3746 actam
1053 3702 1126 3744 esse
1144 3683 1187 3744 de
1209 3690 1318 3745 morte

121 3805 339 3887 Agrippinae
373 3802 521 3866 fabulam
552 3823 596 3866 ex
627 3823 668 3866 eo
699 3823 822 3885 genere
853 3804 945 3884 quod
978 3801 1133 3864 hodierni
1164 3799 1319 3862 homines

126 3921 377 4005 „melodrama”
409 3922 592 4005 appellant,
625 3923 659 3984 in
689 3943 757 4004 qua
779 3931 814 3986 et
838 3921 1010 4003 navigium
1032 3919 1250 3984 exhiberetur
1273 3919 1319 3982 illi

121 4041 233 4108 simile
265 4042 358 4123 quod
385 4051 486 4104 antea
510 4043 543 4104 in
569 4040 683 4123 aliquo
707 4041 959 4124 amphitheatro
983 4049 1176 4124 spectatum
1200 4040 1318 4116 luerat,

122 4163 216 4227 illam
253 4169 366 4224 autem
403 4161 551 4225 fabulam
587 4163 739 4225 tunicato
775 4163 913 4245 popello
943 4170 1122 4244 tantopere
1154 4160 1319 4243 placuisse

123 4283 301 4363 mentique
332 4281 403 4343 eius
434 4279 618 4342 inhaesisse
649 4288 686 4342 ut
718 4279 834 4362 opinio
860 4281 950 4343 nasci
977 4289 1091 4363 posset
1116 4298 1232 4340 revera
1255 4277 1319 4339 hoc

121 4403 230 4466 modo
251 4399 424 4464 Neronem
445 4407 589 4462 matrem
607 4419 702 4462 suam
723 4399 766 4461 de
786 4401 899 4463 medio
920 4399 1039 4462 tollere
1060 4419 1132 4461 esse
1146 4406 1316 4461 conatum.
