3266 5238
896 428 957 475 100

325 591 440 654 odium
472 589 640 672 privatam
672 590 815 671 gratiam
847 599 1043 673 praeparat;
1072 590 1163 654 unde
1188 589 1280 653 nulla
1303 591 1521 654 innocentiae

325 729 414 783 cura,
440 709 499 771 sed
524 708 615 771 vices
639 708 884 790 impunitatis''.

287 872 293 897 ι
370 827 547 893 Sententia
562 827 647 891 haec
663 837 730 891 est:
750 828 871 892 Vinius
883 865 925 876 —
939 848 1142 911 quacunque
1154 829 1295 892 tandem
1308 830 1351 892 de
1364 849 1464 892 causa
1477 865 1522 875 -

325 968 463 1030 parcere
493 947 663 1030 Tigellino
694 947 833 1012 volebat
841 975 849 1024 ;
881 949 1040 1012 utebatur
1070 968 1152 1032 ergo
1174 969 1234 1013 sua
1257 950 1348 1031 apud
1374 949 1520 1013 Galbam

324 1067 432 1149 gratia
464 1075 768 1149 argumentumque
799 1069 914 1132 attulit
940 1068 1126 1152 speciosius
1149 1088 1251 1150 quam
1276 1069 1387 1132 verius
1411 1069 1520 1151 (prae-

324 1186 476 1268 texebat)
497 1185 626 1250 Galbae
647 1185 749 1249 filiam
770 1208 791 1249 a
806 1187 975 1269 Tigellino
991 1196 1177 1264 servatam
1196 1195 1231 1249 et
1248 1195 1443 1250 servaverat
1458 1187 1519 1250 sed

324 1307 392 1368 suis
419 1306 628 1388 prospiciens
651 1307 850 1369 commodis.
876 1305 931 1371 Sic
956 1307 1034 1369 mali
1059 1306 1214 1370 homines
1238 1326 1373 1389 semper
1394 1316 1520 1389 agunt:

325 1445 401 1488 curn
433 1445 545 1488 rerum
577 1434 733 1488 metuunt
765 1426 1033 1500 conversionem,
1061 1446 1148 1507 quae
1172 1445 1252 1489 suae
1275 1426 1320 1488 sit
1344 1427 1520 1520 potentiae

324 1543 428 1607 finem
459 1543 610 1619 allatura,
635 1546 797 1607 adversus
821 1544 994 1627 publicum
1019 1546 1134 1607 odium
1159 1546 1329 1627 privatam
1352 1553 1521 1626 quaerunt

323 1664 477 1746 gratiam.
498 1664 673 1727 Eiusmodi
689 1664 833 1727 consiliis
853 1664 968 1746 (unde)
988 1664 1143 1727 homines
1159 1685 1227 1728 non
1245 1685 1265 1728 a
1281 1664 1369 1727 male
1383 1665 1520 1746 agendo

324 1785 511 1846 retinentur
531 1787 623 1865 (cura
643 1784 870 1865 innocentiae)
890 1785 949 1847 sed
970 1784 1059 1847 inter
1077 1804 1113 1847 se
1130 1793 1252 1867 parant
1268 1785 1519 1866 impunitatem.

323 1902 543 1965 Intellexerat
566 1902 753 1985 Tigellinus
776 1903 820 1966 ad
845 1903 973 1966 exitum
999 1923 1138 1986 vergere
1163 1903 1309 1966 Neronis
1328 1905 1521 1986 imperium,

323 2031 358 2085 et
390 2023 589 2104 praesertim
619 2043 639 2084 a
670 2022 780 2086 Galba
810 2024 935 2086 instare
968 2023 1164 2106 periculum.
1197 2023 1275 2086 Non
1307 2023 1363 2086 illa
1388 2022 1521 2086 Galbae

325 2140 392 2205 filia
415 2162 504 2204 nunc
528 2150 702 2224 tamquam
724 2143 817 2225 pacis
837 2145 942 2206 utitur
961 2144 1113 2226 pignore,
1136 2163 1246 2225 neque
1267 2142 1332 2206 iam
1355 2152 1458 2206 antea
1477 2145 1522 2206 de

324 2260 380 2323 illa
411 2281 539 2343 poenas
570 2263 672 2324 sumit
700 2282 814 2325 earum
839 2282 959 2338 rerum,
985 2282 1071 2344 quae
1097 2264 1139 2326 de
1164 2272 1260 2345 patre
1284 2264 1356 2326 eius
1379 2283 1524 2346 exspec-

324 2389 439 2444 tantur
463 2382 578 2464 (atque
602 2381 636 2444 id
661 2401 728 2444 non
753 2381 862 2444 solum
884 2382 1130 2464 permittebant
1149 2383 1309 2464 antiquae
1330 2383 1523 2465 opiniones,

324 2501 384 2563 sed
409 2501 511 2563 etiam
536 2501 751 2583 Tigellinum,
774 2501 802 2565 si
825 2521 861 2564 se
886 2501 1021 2564 fidelem
1042 2503 1188 2566 Neronis
1207 2503 1336 2565 socium
1355 2501 1524 2585 praebere

324 2623 495 2696 voluisset,
520 2621 666 2684 decebat
690 2620 795 2703 illud),
819 2621 879 2684 sed
905 2621 970 2683 iam
994 2630 1096 2684 antea
1120 2620 1259 2696 Galbae,
1281 2640 1374 2684 arma
1398 2631 1524 2685 contra

324 2743 563 2824 imperatorem
587 2740 750 2815 moventi,
775 2741 1013 2822 impunitatem
1039 2741 1218 2822 praestitit,
1243 2760 1345 2822 quam
1370 2740 1523 2804 invicem

322 2861 367 2923 ab
391 2861 448 2924 illo
468 2881 504 2924 se
524 2870 744 2942 accepturum
764 2860 933 2942 sperabat.
955 2859 1004 2922 At
1023 2859 1121 2922 aliter
1140 2880 1193 2923 res
1212 2861 1349 2922 cecidit:
1371 2861 1525 2944 populus

267 2999 271 3008 ¹
323 2980 415 3042 enim
446 2980 574 3043 dudum
605 2978 774 3061 Tigellino
806 2978 956 3054 infestus,
988 2998 1066 3041 curn
1098 2979 1229 3042 videret
1254 2979 1363 3043 inviso
1388 2979 1523 3045 homini

323 3098 484 3161 auxilium
509 3098 586 3160 ferri
610 3117 630 3160 a
655 3096 768 3172 Vinio,
793 3097 851 3178 qui
875 3106 911 3160 et
934 3099 1007 3180 ipse
1027 3098 1093 3161 hoc
1112 3106 1268 3180 tempore
1289 3100 1322 3160 in
1342 3098 1524 3180 publicum

322 3217 507 3280 incurrerat
527 3215 654 3291 odium,
675 3236 715 3278 eo
733 3217 937 3297 pertinacius
954 3215 1110 3298 Tigellini
1128 3219 1313 3299 perniciem
1330 3215 1525 3300 flagitabat.

367 3336 411 3398 H.
436 3336 479 3409 ll,
503 3349 557 3415 45.
591 3325 769 3397 Enarrato'
790 3335 929 3417 proelio,
962 3356 1031 3417 quo
1062 3334 1249 3400 Othoniani
1276 3357 1296 3399 a
1324 3335 1526 3402 Vitellianis

321 3457 369 3519 ita
400 3464 478 3517 sunt
508 3451 679 3535 profligati
710 3462 746 3516 ut
778 3455 850 3536 ipse
877 3451 970 3518 Otho
993 3475 1053 3517 sua
1075 3455 1139 3517 sibi
1165 3475 1266 3519 manu
1290 3457 1524 3521 conscisceret

321 3584 477 3648 mortem,
500 3575 547 3637 sic
573 3575 682 3656 pergit
707 3575 863 3638 Tacitus:

368 3695 437 3775 ,At
464 3693 667 3757 Vitellianus
690 3696 859 3758 exercitus
882 3695 926 3758 ad
951 3695 1106 3776 quintum
1131 3715 1150 3757 a
1175 3696 1340 3759 Bedriaco
1364 3695 1522 3778 lapidem

319 3814 484 3888 consedit,
509 3834 576 3876 non
601 3813 689 3876 ausis
713 3815 834 3876 eadem
858 3814 913 3876 die
937 3814 1228 3896 obpugnationem
1253 3817 1479 3878 castrorum.”

364 3933 474 3999 Ceteri
508 3935 656 3997 editores
686 3954 755 4015 quo
787 3936 890 3998 modo
922 3935 1076 4016 accipere
1107 3934 1192 3997 haec
1223 3935 1356 3998 soleant
1387 3939 1522 4014 nescio,

319 4056 401 4120 nihil
425 4054 517 4117 enim
540 4062 717 4128 annotant,
742 4056 801 4118 sed
828 4063 943 4117 metuo
964 4075 1006 4116 ne
1027 4053 1151 4117 multos
1172 4074 1288 4118 eorum
1310 4056 1343 4117 in
1364 4074 1523 4122 errorem

319 4175 491 4240 induxerit
514 4182 549 4236 et
574 4193 615 4236 ne
639 4174 791 4256 legentes
815 4175 917 4237 etiam
942 4175 976 4236 in
1000 4194 1148 4236 errorem
1173 4174 1312 4237 inducat
1332 4173 1523 4258 plerosque

319 4297 402 4358 haec
427 4292 542 4357 Orellii
564 4295 752 4370 annotati0,
772 4314 839 4376 qua
860 4295 942 4358 nihil
964 4295 1042 4356 novi
1063 4294 1269 4375 perversius:
1294 4306 1523 4375 „castrorum

319 4435 386 4477 non
405 4413 537 4476 illorum
557 4434 644 4496 quae
664 4433 692 4477 c.
712 4432 753 4496 39
768 4412 1110 4477 commemorantur”.
1128 4411 1248 4495 Capite
1265 4415 1355 4476 enim
1375 4431 1417 4496 39
1430 4414 1523 4482 haec
