3258 5240
893 414 936 476 42

317 576 448 642 Levem
482 595 556 638 esse
589 575 817 658 suspicionem
850 576 877 640 si
909 575 985 658 quis
1018 575 1205 650 contendit,
1239 595 1307 638 non
1339 596 1521 658 repugno:

317 694 383 757 hoc
406 704 521 758 tamen
546 695 627 758 mihi
652 705 786 760 constat
808 717 830 760 a
853 717 948 760 scena
968 697 1001 760 in
1021 696 1197 760 historiam
1219 694 1320 758 letale
1340 696 1521 760 aberrasse

320 813 492 894 navigium
508 811 540 894 ¹).

365 932 513 996 Omnino
545 942 636 997 amat
668 932 807 996 Tacitus
830 933 996 1016 quidquid
1020 935 1172 997 animum
1196 933 1417 997 vehementer
1441 954 1524 1016 per-

320 1052 413 1126 cutit,
439 1051 605 1134 quidquid
630 1051 836 1116 horrendum
856 1060 918 1127 est,
939 1060 1048 1127 atrox,
1070 1051 1191 1127 dirum,
1212 1052 1293 1114 etsi
1316 1052 1346 1114 ei
1366 1052 1523 1134 aliquam

321 1190 393 1233 rem
417 1170 550 1255 duobus
573 1171 683 1233 modis
707 1171 860 1253 accipere
885 1179 919 1233 et
943 1171 1115 1253 explicare
1138 1170 1227 1245 licet,
1253 1180 1290 1233 ut
1313 1179 1371 1233 aut
1392 1171 1523 1235 fiatad

320 1288 579 1371 intelligendum
610 1289 726 1367 facilis,
756 1290 951 1365 verisimilis,
977 1290 1153 1353 hominum
1177 1291 1388 1374 respondens
1411 1291 1522 1366 vitae,

319 1417 377 1471 aut
409 1410 502 1485 mira,
534 1409 678 1485 insolita,
712 1411 928 1486 incredibilis,
959 1411 1180 1473 metuendum
1212 1429 1280 1473 non
1307 1419 1358 1473 est
1383 1431 1424 1472 ne
1448 1410 1522 1474 hac

320 1530 477 1592 narrandi
502 1531 633 1593 ratione
656 1531 780 1593 omissa
804 1530 894 1594 illam
920 1531 1053 1614 probet.
1078 1531 1157 1613 ipsa
1179 1528 1236 1592 illa
1260 1531 1303 1592 de
1328 1528 1399 1593 Silii
1424 1530 1522 1593 Mes·

320 1647 515 1731 salinaeque
539 1651 665 1732 nuptiis
689 1651 845 1725 narrati0‚
871 1670 959 1733 quae
983 1658 1057 1713 tota
1081 1669 1184 1732 quam
1204 1669 1324 1731 parum
1344 1648 1522 1712 credibilis

323 1776 412 1831 esset
442 1770 577 1851 egregie
608 1770 855 1833 demonstravit
883 1769 1047 1843 Naberus,
1072 1769 1203 1851 insigne
1228 1778 1404 1852 praeterea
1427 1768 1522 1832 illius

324 1889 427 1952 studii
468 1891 623 1952 continet
663 1889 867 1972 exemplum.
903 1888 1040 1952 Vettius
1076 1887 1213 1964 Valens,
1250 1887 1439 1951 Pentheum
1473 1910 1523 1951 ex

325 2007 496 2090 Euripidis
517 2008 657 2073 Bacchis
677 2010 827 2072 imitatus
847 2009 951 2092 (quod
972 2007 1165 2072 felicissimo
1186 2008 1341 2071 acumine
1362 2007 1521 2071 Naberus

323 2126 508 2209 perspexit)
536 2127 569 2190 in
602 2128 807 2210 „praealtam
833 2127 989 2190 arborem
1014 2123 1196 2191 conititur”
1220 2135 1255 2189 et
1280 2126 1520 2209 interroganti-

324 2245 395 2320 bus,
417 2245 499 2328 quid
519 2247 685 2330 aspiceret
699 2248 875 2329 respondit
892 2254 1153 2329 „tempestatem
1165 2246 1209 2308 ab
1223 2245 1320 2309 Ostia
1331 2245 1518 2322 atrocem”,

371 2364 483 2445 „sive”
507 2366 622 2448 (ipsius
645 2365 729 2429 haec
753 2366 863 2429 Taciti
889 2366 992 2428 verba
1015 2365 1105 2447 sunt)
1134 2373 1228 2444 „orta
1249 2372 1322 2427 erat
1337 2361 1360 2447 ²)
1380 2385 1420 2428 ea
1440 2386 1517 2448 spe-

323 2483 401 2560 cies,
425 2505 484 2548 seu
507 2485 594 2549 forte
618 2485 712 2568 lapsa
735 2505 804 2548 vox
827 2486 860 2548 in
887 2486 1098 2568 praesagium
1123 2483 1257 2548 vertit’'.

369 2603 419 2667 At
450 2605 483 2668 in
511 2613 671 2687 promptu
697 2613 747 2668 est
772 2605 881 2667 Vettii
906 2605 1010 2667 verba
1034 2604 1132 2667 aliter
1155 2604 1386 2688 interpretari;
1413 2605 1517 2686 parti·

324 2724 386 2786 bus
417 2723 472 2786 ille
503 2723 592 2787 haud
625 2723 727 2786 dubie
759 2723 962 2806 fungebatur
994 2723 1133 2786 Penthei
1165 2732 1199 2786 et
1230 2723 1419 2786 communis
1443 2731 1516 2785 erat

323 2841 472 2905 laetitiae
492 2845 612 2917 socius,
632 2844 692 2906 sed
713 2862 814 2906 sanae
835 2845 958 2907 mentis
979 2843 1053 2927 plus
1073 2852 1267 2907 servaverat
1287 2862 1389 2924 quarn
1411 2842 1514 2905 ceteri

324 2982 452 3036 omnes,
476 2961 756 3044 intelligebatque
779 2983 879 3045 aegre
903 2962 1049 3025 laturum
1074 2962 1252 3026 Claudium
1276 2961 1363 3025 hanc
1389 2963 1516 3025 Messa·

322 3079 411 3142 linae
440 3080 726 3163 „intemperiem”,
751 3102 819 3164 qua
840 3091 958 3146 contra
980 3081 1090 3163 legem
1109 3082 1153 3144 ab
1172 3081 1246 3165 ipso
1265 3083 1514 3164 promulgatam

323 3197 460 3274 fecerat,
493 3202 781 3283 metuendumque
812 3222 884 3264 esse
917 3223 959 3265 ne
990 3222 1118 3277 omnes,
1150 3203 1207 3285 qui
1239 3222 1317 3265 cum
1345 3201 1401 3264 illa
1426 3223 1515 3265 nunc

325 3317 465 3380 mimum
485 3327 635 3400 agerent,
657 3340 738 3382 mox
758 3341 886 3402 poenas
906 3321 1036 3383 darent.
1058 3319 1182 3383 Verbis
1202 3340 1284 3402 ergo
1303 3322 1409 3384 utitur
1428 3341 1516 3403 quae

325 3436 467 3500 Penthei
499 3459 635 3521 quoque
667 3460 739 3502 esse
771 3440 911 3522 possint,
935 3440 995 3503 sed
1021 3439 1142 3522 quibus
1165 3439 1263 3502 simul
1287 3438 1436 3503 laetitiae
1460 3459 1516 3502 co·

363 3719 389 3787 1)
408 3720 501 3770 Dionis
519 3720 605 3769 locum
622 3717 685 3768 licet
702 3733 757 3767 non
776 3717 874 3782 alferat,
892 3725 978 3765 tamen
994 3715 1063 3766 idem
1080 3717 1185 3767 Nubero
1199 3718 1262 3767 olim
1278 3717 1350 3782 quod
1365 3717 1429 3767 mibi
1444 3731 1515 3766 nunc

324 3807 470 3856 suboluisse
488 3807 598 3856 videtur.
618 3805 644 3854 is
664 3805 733 3855 enim
753 3804 779 3853 in
800 3803 1029 3868 commentatione,
1048 3819 1135 3870 quum,
1154 3805 1217 3868 quia
1235 3804 1340 3869 Belgice
1356 3804 1452 3868 scripta
1468 3809 1519 3867 est,

324 3894 409 3942 minus
434 3908 511 3957 quam
530 3909 577 3957 par
595 3903 648 3942 erat
667 3891 813 3942 innotuisse
831 3891 893 3940 viris
913 3890 996 3940 doctis
1016 3891 1137 3956 arbitror,
1154 3891 1247 3941 eodem
1265 3891 1312 3940 illo
1333 3889 1519 3954 „melodiam-

324 3977 374 4027 tis’'
393 3977 473 4026 utitur
492 3979 605 4027 nomine.
625 3979 732 4042 Legitur
750 3977 934 4027 commentatio
955 3976 1068 4040 egregia,
1087 3992 1138 4041 qua
1154 3977 1263 4026 duorum
1278 3977 1412 4041 librorum,
1428 3993 1443 4026 a
1458 3991 1518 4024 nos·

325 4063 434 4112 tratibus
457 4063 663 4126 conscriptorum
689 4071 714 4112 et
739 4063 836 4128 insigni
861 4062 1071 4127 dignissimorum
1097 4061 1175 4112 laude
1200 4063 1277 4128 (alter
1303 4063 1406 4112 Oordtii
1431 4070 1471 4111 est
1489 4062 1521 4111 de

326 4148 498 4197 Constantino
522 4163 617 4212 magno
640 4149 743 4213 eiusque
767 4149 944 4215 decessoribus,
969 4147 1074 4213 Belgice
1101 4149 1223 4213 scriptus,
1245 4148 1311 4198 alter
1336 4148 1468 4201 Karstenii
1490 4148 1523 4197 de

318 4236 374 4302 fide
404 4233 504 4300 Taciti)
527 4249 635 4284 censura
660 4235 752 4301 agitur,
774 4237 801 4286 in
821 4235 903 4286 diario
922 4234 1062 4284 vernaculo
1081 4249 1103 4283 c.
1124 4242 1142 4284 t.
1163 4236 1203 4285 De
1222 4235 1288 4284 Gids
1308 4236 1340 4286 A.
1361 4245 1522 4284 uncccmx

326 4336 353 4384 P·
372 4331 424 4382 477
445 4336 505 4385 sqq·

362 4404 390 4471 2)
409 4405 451 4456 Sic
469 4406 540 4456 enim
559 4405 699 4470 legendum
718 4409 827 4458 arbitror
847 4423 894 4472 pro
912 4407 1005 4473 inepto
1023 4414 1140 4472 coeperat
1160 4407 1233 4472 quod
1252 4406 1374 4457 traditum
1392 4413 1441 4456 est.
