3258 5240
691 442 728 510 35

110 608 216 690 ipsius
251 608 297 670 rei
334 606 511 681 rationem,
544 606 588 668 de
618 626 685 687 qua
715 607 836 687 agitur,
869 626 936 669 non
967 605 1055 669 bene
1087 616 1303 690 perspectum

110 727 313 790 habuerunt.
338 726 480 807 Legitur
503 724 596 789 Ann.
621 725 682 800 IV,
710 727 769 788 28:

155 846 268 909 Isdem
293 845 488 908 consulibus
508 846 716 908 miseriarum
737 865 777 908 ac
796 845 957 909 saevitiae
978 845 1173 928 exemplum
1194 854 1303 923 atrox,

110 985 187 1028 reus
218 974 325 1048 pater,
356 975 533 1028 accusator
564 964 650 1029 filius
682 965 819 1046 (nomen
842 965 976 1047 utrique
1001 964 1123 1028 Vibius
1147 964 1304 1047 Serenus)

108 1086 143 1148 in
176 1094 331 1148 senatum
363 1086 492 1148 inducti
525 1094 612 1148 sunt.
644 1083 703 1147 Ab
736 1084 839 1147 exilio
871 1093 1035 1147 retractus
1059 1085 1241 1166 illuvieque
1265 1105 1306 1149 ac

108 1206 267 1288 squalore
293 1206 424 1268 obsitus
447 1213 481 1268 et
506 1214 578 1267 tum
603 1212 724 1267 catena
748 1205 881 1268 vinctus
902 1213 999 1288 pater
1022 1205 1194 1286 peroranti
1219 1202 1304 1266 filio:

109 1333 331 1408 praeparatus
355 1325 554 1388 adulescens
575 1324 688 1386 multis
708 1323 893 1399 munditiis,
913 1322 1014 1387 alacri
1035 1323 1140 1399 vultu,
1160 1331 1305 1386 structas

109 1443 255 1527 principi
290 1443 437 1518 insidias,
475 1443 595 1506 missos
624 1443 659 1505 in
691 1441 833 1505 Galliam
866 1442 1056 1505 concitores
1088 1441 1167 1504 belli
1200 1441 1304 1504 index

108 1564 202 1626 idem
235 1571 269 1626 et
300 1563 396 1626 testis
429 1561 575 1637 dicebat,
608 1563 882 1642 adnectebatque
909 1560 1093 1625 Caecilium
1117 1560 1304 1624 Cornutum

110 1683 319 1764 praetorium
351 1682 591 1745 ministravisse
623 1681 819 1763 pecuniam:
852 1681 910 1762 qui
941 1680 1056 1743 taedio
1080 1699 1245 1755 curarum,
1271 1689 1305 1743 et

109 1803 191 1884 quia
211 1801 396 1884 periculum
418 1821 480 1884 pro
500 1801 606 1863 exitio
627 1800 826 1874 habebatur,
848 1807 992 1862 mortem
1014 1800 1047 1862 in
1069 1819 1105 1862 se
1122 1799 1305 1862 festinavit.

109 1922 162 1986 At
182 1929 301 1984 contra
319 1940 395 1984 reus
416 1920 498 1983 nihil
520 1919 663 1983 infracto
683 1919 797 1982 animo
817 1919 980 1982 obversus
999 1921 1034 1983 in
1046 1918 1152 1982 filium
1165 1929 1304 2002 quatere

110 2041 311 2105 vincla....
348 2039 656 2121 Adseverabatque
691 2040 908 2103 innocentem
939 2038 1127 2102 Cornutum
1158 2048 1193 2102 et
1223 2038 1306 2102 falsa

110 2162 329 2236 exterritum;
362 2161 465 2241 idque
497 2158 594 2222 facile
626 2157 811 2234 intellectu,
840 2159 867 2221 si
891 2159 1115 2241 proderentur
1139 2158 1212 2222 alii:
1238 2179 1306 2222 non

110 2281 204 2344 enirn
235 2301 271 2344 se
302 2281 444 2343 caedem
470 2280 631 2362 principis
655 2287 690 2342 et
714 2299 766 2342 res
790 2299 895 2343 novas
919 2299 987 2342 uno
1011 2280 1104 2343 socio
1128 2280 1305 2362 cogitasse.

160 2400 224 2462 Pro
253 2411 355 2484 pater
384 2399 564 2482 peroranti
591 2397 684 2482 filio:
711 2409 942 2481 praeparatus
972 2399 1161 2462 adulescens
1179 2421 1204 2462 e.
1226 2417 1256 2478 q.
1278 2418 1305 2460 r.

115 2519 310 2600 Madvigius
341 2518 486 2580 coniecit
511 2529 613 2601 pater
637 2519 750 2581 oranti
760 2492 766 2502 Ι
764 2519 840 2602 filio
863 2530 1096 2602 comparatur:
1118 2518 1306 2582 adulescens

110 2661 138 2702 e.
151 2659 182 2720 q.
195 2659 221 2700 s.
247 2638 530 2718 Ingeniosissime,
555 2637 615 2698 sed
640 2636 722 2700 nihil
746 2638 792 2700 sic
817 2638 1025 2720 proficimus;
1051 2658 1119 2702 non
1144 2640 1245 2713 enim,
1270 2647 1306 2700 ut

111 2758 246 2839 opinor,
279 2756 499 2819 vehementer
529 2754 714 2836 legentium
739 2757 843 2845 animi
867 2756 1095 2840 percelluntur
1117 2776 1195 2819 cum
1220 2757 1308 2820 inter

111 2896 150 2940 se
181 2884 400 2958 opponuntur
432 2884 530 2956 pater
559 2873 717 2956 squalore
748 2875 878 2938 obsitus
906 2885 940 2939 et
964 2876 1050 2939 filius
1071 2925 1078 2939 .
1101 2925 1109 2938 .
1130 2924 1138 2939 .
1161 2925 1168 2939 .
1193 2897 1306 2940 araur.

112 2996 238 3077 Neque
257 3003 329 3057 tum
350 2994 488 3057 demum
507 2993 733 3056 introducitur
755 3015 842 3070 reus,
862 3016 938 3059 cum
959 2995 1221 3059 accusatoriam
1234 3016 1307 3059 ora·

112 3117 245 3178 tionem
264 3113 390 3177 habere
410 3113 535 3195 coepit.
559 3112 668 3175 Multo
689 3121 804 3176 tamen
823 3113 985 3196 Madvigii
999 3115 1174 3178 inventum
1189 3114 1308 3178 melius

112 3244 167 3298 est
199 3253 302 3315 quam
325 3240 516 3296 ceterorum
540 3232 630 3295 istud
650 3244 888 3316 praeparatus,
914 3235 1007 3316 quod
1031 3236 1239 3317 iungendum
1264 3233 1307 3296 sit

112 3373 194 3416 curn
225 3351 396 3416 munditiis
427 3351 474 3414 ita
508 3360 638 3436 ut....,
663 3359 782 3433 aptum
814 3372 949 3416 sensum
981 3353 1110 3418 nullum
1134 3352 1307 3436 praebeat.

114 3471 213 3534 Haec
238 3489 319 3552 ergo
339 3470 523 3545 mittamus,
544 3470 705 3551 quoniam
726 3469 773 3534 sic
792 3491 930 3553 quoque
950 3473 1106 3535 universa
1126 3472 1308 3534 verborum

111 3589 286 3654 sententia
316 3597 422 3670 patet.
456 3587 559 3650 Paulo
591 3597 669 3670 post
700 3609 762 3670 pro
787 3590 887 3672 falsa
919 3590 1031 3671 legere
1051 3590 1147 3673 salso
1171 3588 1225 3651 vel
1242 3600 1308 3671 per

105 3707 211 3793 salsa
243 3705 344 3790 plane
375 3715 428 3768 est
458 3706 576 3768 inutile
608 3715 643 3770 et
673 3707 815 3771 fortasse
842 3728 1048 3790 perversum.
1073 3707 1123 3769 At
1147 3726 1234 3787 quae
1259 3727 1309 3769 se·

113 3833 267 3909 quuntur
297 3825 459 3888 maiorem
489 3826 654 3908 praebent
685 3826 928 3890 difficultatem.
955 3825 1030 3888 Hoc
1053 3832 1183 3887 certum
1209 3825 1309 3888 Nevii

114 3946 153 4009 m'
166 3943 393 4027 proderentur
413 3962 475 4024 pro
494 3945 525 4006 si
537 3945 764 4028 proderentur
783 3944 967 4027 speciosius
987 3964 1060 4008 esse
1072 3963 1175 4026 quam
1187 3944 1308 4019 verius,

115 4082 230 4145 neque
250 4061 347 4126 lacile
368 4081 444 4125 cum
466 4063 749 4144 praecedentibus
768 4063 861 4144 iungi
882 4082 995 4144 posse:
1017 4063 1099 4144 quid
1120 4063 1209 4126 enim
1227 4062 1308 4126 illud

113 4190 184 4246 est:
202 4181 312 4265 facile
333 4181 392 4243 noc
413 4192 462 4244 est
483 4182 532 4244 ad
551 4181 796 4265 intellegendum
821 4182 857 4243 ni
871 4183 1066 4264 produntur
1085 4183 1167 4245 alii?
1188 4181 1309 4262 Neque

113 4309 234 4364 tamen
254 4301 286 4362 si
304 4317 480 4361 remanere
500 4307 623 4382 potest,
645 4299 707 4362 nisi
728 4297 884 4361 volumus
896 4297 1060 4362 Serenum
1074 4319 1142 4363 non
1155 4300 1310 4377 εἷρωνικῶς

113 4415 177 4481 sed
199 4413 438 4494 αἰνιγματώδως
459 4415 563 4498 loqui.
584 4417 675 4500 Quid
695 4436 775 4480 vero
796 4417 823 4478 si
844 4424 955 4480 totum
975 4418 1055 4482 illud
1076 4420 1108 4482 si
1126 4441 1193 4482 una
1211 4420 1311 4482 litura
