3248 5230
909 448 974 511 260

347 627 492 709 Utrique
523 627 743 691 incommodo
773 626 943 690 lenissima
974 626 1146 690 subveniri
1178 635 1293 710 potest
1316 627 1538 690 correctione.

346 745 498 810 Duarum
519 747 610 810 enim
630 746 837 810 literularum
857 747 1120 830 transpositione
1142 766 1204 831 pro
1209 749 1346 831 faceret
1356 747 1539 830 legendum

346 866 491 930 arbitror
508 868 651 948 fecerat.

389 1105 434 1167 A.
459 1104 555 1181 XVI,
583 1119 611 1186 5.
644 1105 780 1169 Nerone
805 1105 839 1167 in
863 1104 997 1168 theatro
1021 1113 1111 1168 artes
1134 1125 1210 1168 suas
1233 1105 1418 1169 exhibente
1440 1114 1542 1169 tanta

347 1225 529 1310 multitudo
553 1227 671 1289 aderat
695 1234 732 1289 ut
756 1227 992 1290 obtererentur
1015 1226 1105 1290 haud
1130 1227 1247 1308 pauci,
1269 1236 1445 1308 praeterea
1462 1228 1541 1310 ipso

346 1346 506 1416 audiendi
537 1347 783 1429 spectandique
813 1345 929 1411 labore
961 1347 995 1409 in
1022 1365 1161 1429 gravem
1186 1345 1342 1409 morbum
1367 1345 1464 1409 multi
1488 1347 1542 1409 in-

346 1465 520 1530 ciderunt:
582 1543 585 1548 Ι

394 1583 541 1686 „quippe
574 1584 710 1666 gravior
734 1563 854 1647 inerat
889 1593 1007 1660 metus,
1044 1584 1070 1647 si
1106 1583 1303 1667 spectaculo
1341 1584 1543 1662 defuissent,

254 1761 256 1766 .
347 1702 461 1767 multis
492 1703 606 1785 palam
630 1712 664 1766 et
688 1704 839 1786 pluribus
862 1703 1013 1780 occultiS,
1038 1712 1075 1766 ut
1098 1703 1237 1766 nomina
1260 1723 1300 1766 ac
1324 1702 1446 1778 vultus,
1470 1703 1543 1766 ala-

346 1823 501 1886 critatem
527 1823 766 1905 tristitiamque
790 1825 985 1886 coeuntium
1008 1822 1271 1886 scrutarentur.”

391 1941 492 2024 Quod
516 1942 571 2005 hic
595 1963 663 2005 vox
687 1963 719 2024 q.
733 1963 763 2006 e.
780 1943 897 2024 palam
921 1943 1080 2006 adiectivi
1105 1942 1158 2005 vel
1182 1941 1350 2024 participii
1372 1942 1444 2006 vice
1464 1941 1543 2006 iun-

345 2064 445 2145 gitur,
478 2064 511 2125 in
544 2083 585 2125 eo
618 2062 793 2126 molestiae
825 2071 876 2126 est
909 2063 1000 2138 nihil,
1026 2064 1085 2126 sed
1110 2063 1287 2126 ferendum
1312 2083 1380 2126 non
1404 2063 1544 2127 videtur

346 2183 439 2263 quod
471 2183 666 2246 coniunctio
697 2194 733 2246 ut
762 2183 954 2246 annectitur
985 2183 1174 2246 sententiae
1198 2183 1296 2266 parti,
1321 2202 1408 2264 quae
1431 2182 1544 2246 verbo

346 2300 447 2382 plane
479 2310 580 2364 caret.
618 2302 710 2385 Ergo
742 2322 805 2384 pro
836 2314 873 2366 ut
902 2301 1053 2384 legamus
1083 2303 1156 2386 qui:
1193 2322 1269 2364 cum
1301 2301 1397 2364 litera
1427 2324 1447 2385 q
1478 2301 1545 2364 ali-

345 2441 414 2502 quo
446 2441 525 2484 casu
556 2421 757 2496 evanuisset,
789 2423 882 2503 quod
914 2429 1056 2485 restaret
1079 2423 1113 2484 in
1138 2433 1175 2485 ut
1196 2421 1319 2484 abiisse
1345 2421 1544 2485 mirandum

347 2560 415 2604 non
440 2550 491 2604 est
511 2539 543 2624 ¹).

390 2777 434 2840 A.
455 2778 551 2854 XVI,
574 2795 625 2840 22.
646 2778 877 2841 Vehementer
891 2779 923 2842 in
937 2778 1121 2842 Thraseam
1135 2778 1304 2841 invehitur
1317 2776 1543 2842 Cossutianus

345 2895 478 2978 Capito,
509 2917 656 2979 eumque
680 2899 797 2980 utique
822 2917 865 2960 ex
889 2898 1028 2960 civitate
1052 2898 1239 2961 tollendum
1265 2917 1337 2960 esse
1361 2904 1542 2959 senatores

346 3016 458 3078 docet.
492 3015 594 3080 Cuius
625 3017 733 3079 oratio
765 3016 829 3079 huc
862 3016 930 3080 fere
963 3017 1050 3080 redit
1082 3026 1119 3080 ut
1151 3018 1362 3080 demonstret
1393 3015 1542 3079 eo'iam

344 3143 485 3198 ventum
509 3156 581 3198 esse
606 3144 643 3198 ut
667 3137 775 3200 otiose
799 3137 887 3199 inter
911 3156 946 3198 se
971 3136 1227 3200 confabulantes
1246 3136 1401 3199 homines
1421 3137 1464 3198 de
1486 3157 1541 3198 re-

345 3251 481 3336 publica
499 3255 546 3316 ita
566 3253 747 3336 loquantur
767 3256 862 3337 quasi
882 3256 916 3317 in
937 3257 1005 3318 duo
1026 3256 1217 3318 discesserit
1237 3265 1363 3320 castra:
1389 3255 1542 3320 Neronis

341 3383 375 3436 et
396 3373 576 3438 Thraseae.
602 3376 785 3458 Postquam
806 3377 912 3439 multa
933 3378 966 3439 in
987 3377 1073 3440 hanc
1093 3378 1297 3441 sententiam
1318 3377 1541 3454 declamavit,

342 3495 407 3558 hoc'
432 3515 568 3577 quoque
591 3495 705 3558 addit:

388 3615 537 3696 „Diurna
570 3615 686 3698 populi
719 3614 863 3678 Romani
889 3636 949 3698 per
974 3617 1175 3699 provincias,
1201 3636 1261 3699 per
1286 3616 1454 3679 exercitus
1479 3637 1539 3680 cu·

339 3735 443 3798 ratius
466 3735 635 3818 leguntur,
658 3742 694 3799 ut
719 3744 878 3799 noscatur
901 3736 982 3817 quid
1008 3735 1158 3799 Thrasea
1182 3755 1250 3798 non
1277 3734 1426 3798 lecerit.”

384 3851 463 3917 Scio
495 3856 537 3918 ad
571 3856 661 3918 istud
692 3875 754 3918 non
779 3854 1031 3918 defendendum
1056 3875 1074 3917 e
1099 3854 1383 3938 praecedentibus
1406 3854 1538 3919 nubem

340 3973 574 4056 exemplorum
599 3975 739 4038 excitari
765 3995 881 4057 posse:
907 3974 1075 4057 principio
1095 3975 1173 4038 anni
1194 3973 1344 4038 Thrasea
1364 3977 1451 4040 vitat
1468 3976 1538 4039 sol·

338 4091 450 4155 lemne
486 4094 733 4169 iusiurandum,
775 4115 836 4158 non
878 4094 975 4156 adest
1011 4094 1321 4177 nuncupationibus
1356 4104 1536 4174 votorum;

339 4233 505 4294 nunquam
541 4211 695 4274 immolat
730 4233 793 4295 pro
828 4213 935 4276 salute
972 4222 1030 4275 aut
1066 4212 1202 4276 caelesti
1235 4233 1318 4276 voce
1351 4215 1534 4298 principis,

340 4381 401 4388 μ...
427 4378 535 4386 ..-.-..-

379 4470 404 4536 r)
423 4470 512 4532 Imago
531 4468 629 4518 codicis
649 4471 820 4536 phototypicu
839 4473 890 4536 legi
909 4473 952 4521 hic
972 4472 1073 4536 nequit.
