3258 5240
876 372 919 436 ²4

299 541 503 622 imperatore
528 541 621 623 loqui
646 561 714 603 non
735 540 875 622 possint.
896 538 1071 622 Quidquid
1092 541 1135 602 de
1156 560 1198 602 eo
1219 540 1337 602 dicunt
1356 538 1495 620 plenum

299 681 372 724 esse
403 660 507 732 debet
540 659 782 737 contumeliae;
816 680 907 742 ergo,
940 678 1016 722 cum
1047 661 1233 722 secundum
1259 661 1340 722 artis
1363 658 1495 740 logicae

300 788 483 863 praecepta
515 780 698 843 dicendum
731 787 836 842 esset:
868 780 968 859 „dum
994 799 1055 842 nos
1078 787 1213 861 tempus
1236 779 1376 842 terimus
1400 777 1497 842 Otho

299 901 468 983 imperare
499 899 620 963 discit'⁴
652 899 699 962 sic
732 899 932 981 loquuntur:
969 899 1068 962 ‚dum
1101 919 1162 962 nos
1193 909 1329 982 tempus
1356 899 1498 962 terimus

300 1018 394 1082 Otho
417 1019 551 1083 imitari
566 1019 752 1102 principem
767 1001 897 1082 ⁸discit''
922 1018 1027 1100 (Belg.
1055 1018 1236 1100 „keizertje
1260 1016 1423 1101 spelen'').

346 1138 502 1222 Suspicor
533 1147 646 1201 autem
671 1139 793 1202 eodem
816 1139 920 1200 modo
944 1138 1143 1220 accipienda
1166 1157 1239 1201 esse
1263 1138 1367 1200 verba
1391 1157 1497 1218 quae-

302 1257 390 1332 dam,
423 1277 510 1338 quae
541 1256 634 1319 Ann.
662 1258 688 1332 1,
712 1275 735 1336 4
758 1257 932 1338 leguntur;
958 1267 1050 1321 certe
1074 1258 1122 1320 sic
1146 1259 1283 1320 demum
1308 1277 1384 1320 curn
1408 1258 1499 1320 acci·

302 1378 422 1460 pimus,
453 1378 578 1440 servari
610 1385 724 1460 potest
756 1376 858 1439 lectio
889 1376 1024 1451 tradita,
1055 1376 1181 1458 alioqui
1213 1377 1412 1439 mutandum
1444 1385 1499 1439 est

301 1495 439 1577 aliquid.
471 1494 529 1557 Ad
554 1496 732 1577 imperium
758 1515 834 1557 cum
858 1495 1005 1557 venisset
1029 1493 1195 1570 Tiberius,
1221 1496 1331 1558 varius
1356 1503 1427 1558 erat
1452 1496 1501 1558 de

302 1636 343 1679 eo
368 1637 491 1678 rumor.
515 1614 687 1678 Virtutem
712 1614 868 1677 bellicam
893 1634 994 1676 nemo
1018 1614 1048 1676 ei
1073 1613 1275 1696 denegabat,
1300 1613 1360 1676 sed
1381 1634 1500 1696 super-

303 1735 393 1797 biam
425 1735 455 1797 ei
487 1736 637 1798 innatam
670 1735 915 1815 saevitiamque
947 1733 1014 1796 iam
1046 1742 1280 1816 erumpentem
1306 1733 1402 1796 multi
1428 1754 1501 1796 me-

302 1854 455 1917 tuebant.
482 1854 530 1917 Ut
554 1852 666 1916 Taciti
691 1860 765 1914 utar
790 1851 916 1914 verbis:

349 1972 450 2035 Hunc
482 1981 516 2034 et
548 1971 656 2054 prima
688 1970 732 2034 ab
761 1971 902 2034 infantia
925 1971 1085 2034 eductum
1110 1971 1143 2034 in
1169 1972 1273 2034 domo
1297 1972 1501 2053 regnatrice,

304 2099 485 2172 congestos
508 2091 620 2154 iuveni
646 2090 849 2165 consulatus,
874 2091 1079 2172 triumphos:
1104 2111 1147 2152 ne
1171 2091 1211 2152 iis
1231 2090 1370 2172 quidem
1390 2092 1502 2166 anniS,

304 2210 426 2291 quibus
448 2210 562 2273 Rhodi
581 2210 694 2292 specie
715 2229 865 2272 secessus
885 2209 1019 2271 exulem
1040 2209 1156 2290 egerit,
1179 2208 1269 2271 aliud
1290 2229 1392 2291 quam
1413 2211 1500 2272 iram

304 2337 339 2392 et
362 2329 612 2392 simulationem
636 2337 671 2391 et
695 2337 842 2391 secretas
865 2328 1023 2392 libidines
1048 2329 1260 2391 meditatum.

347 2449 412 2511 Pro
442 2447 579 2511 exulem
601 2448 756 2511 certatim
786 2467 906 2511 omnes
936 2449 1085 2511 editores
1113 2449 1147 2510 in
1172 2455 1305 2510 textum
1330 2448 1500 2530 recipiunt

305 2567 429 2632 Mureti
460 2567 690 2630 coniecturam
721 2568 808 2630 exul.
841 2565 890 2629 At
923 2587 987 2649 ego
1019 2567 1147 2630 exulem
1178 2587 1254 2630 cum
1279 2567 1368 2649 lego,
1392 2566 1502 2630 multo

304 2689 424 2752 clarius
455 2688 557 2750 audio
589 2687 743 2750 inimicos
776 2686 903 2749 Tiberii
929 2688 970 2750 de
996 2686 1146 2750 moribus
1170 2688 1241 2750 eius
1265 2707 1342 2750 cum
1367 2707 1502 2750 summo

304 2808 385 2870 odio
418 2815 687 2889 contemptuque
719 2806 907 2888 loquentes.
936 2807 996 2870 Est
1021 2805 1213 2885 λογικωτέρα
1239 2806 1362 2869 Mureti
1387 2806 1501 2880 lecti0,

304 2927 395 2990 haud
419 2946 523 3008 nego:
548 2927 662 3009 specie
686 2946 836 2989 secessus
859 2926 1016 2990 Tiberius
1040 2927 1117 2990 exul
1142 2926 1221 3008 egit,
1246 2925 1417 2989 simulavit
1440 2946 1503 2989 sua

303 3054 426 3129 sponte
449 3066 485 3108 se
510 3045 670 3109 Rhodum
694 3047 881 3122 secessisse,
905 3066 1023 3108 revera
1048 3046 1081 3107 in
1105 3046 1206 3108 exilio
1226 3044 1273 3107 ibi
1294 3045 1390 3107 vixit.
1412 3045 1502 3108 Con·

304 3175 357 3230 tra
387 3165 414 3228 si
447 3164 559 3229 verbis
588 3164 715 3227 exulem
746 3165 853 3247 egerit
882 3163 1065 3226 adversarii
1097 3163 1144 3226 illi
1176 3165 1224 3226 usi
1250 3173 1338 3240 sunt,
1363 3163 1501 3226 sibimet

305 3285 367 3367 ipsi
399 3291 478 3347 sunt
510 3283 678 3359 oblocuti;
712 3284 772 3346 sed
803 3303 904 3364 saepe
936 3284 1001 3345 hoc
1030 3284 1121 3346 iratis
1144 3283 1349 3359 hominibus,
1374 3283 1501 3358 evenit,

305 3405 386 3468 dum
410 3424 512 3485 quam
533 3403 678 3485 plurima
698 3402 865 3465 vocabula
884 3403 1019 3465 affectui
1040 3423 1101 3466 suo
1121 3405 1381 3467 accommodata
1399 3404 1501 3467 simul

305 3523 490 3606 proferunt.
516 3521 710 3586 Vernaculo
734 3541 889 3585 sermone
914 3523 940 3584 si
965 3542 1067 3603 quern
1092 3525 1125 3586 in
1150 3522 1304 3586 familiari
1328 3522 1501 3605 colloquio

304 3644 352 3706 ita
383 3643 467 3706 iram
496 3663 590 3706 suam
618 3650 836 3726 evomentem
862 3642 1064 3716 audiremus,
1088 3642 1218 3724 logicae
1242 3643 1305 3706 arti
1329 3644 1398 3705 vim
1423 3663 1502 3706 eum

306 3761 415 3832 lacere
441 3761 582 3825 fortasse
607 3781 649 3824 ne
672 3762 866 3824 audiremus
890 3761 1039 3842 quidem.

350 3879 418 3945 Sed
451 3881 517 3944 iam
551 3882 688 3943 missurn
720 3880 807 3944 facio
839 3880 982 3943 Pollium
1006 3879 1224 3962 lepidamque
1249 3880 1320 3942 eius
1344 3880 1503 3943 observa-

304 4002 444 4064 tionem.
477 4000 561 4062 Tres
593 4021 636 4062 ex
667 4001 802 4064 diverso
833 4020 957 4082 genere
991 3999 1159 4081 proferam
1191 3998 1285 4062 locos
1314 3999 1371 4061 ubi
1397 4019 1501 4062 unum

305 4116 508 4182 vocabulum
546 4139 612 4182 non
645 4120 727 4182 satis
759 4119 845 4182 bene
877 4119 1099 4195 intellectum,
1132 4139 1200 4181 non
1231 4119 1312 4182 satis
1344 4129 1502 4183 accurate

305 4238 566 4312 consideratum,
592 4238 709 4300 turbas
732 4238 866 4302 dedisse
890 4239 1045 4301 videatur
1070 4258 1137 4300 non
1162 4238 1210 4301 ita
1234 4257 1365 4320 parvas

351 4357 479 4422 Primus
502 4376 618 4420 eorum
644 4356 732 4420 haud
758 4357 860 4420 dubie
885 4365 1062 4440 corruptus
1086 4365 1147 4434 est,
1172 4358 1231 4420 sed
1257 4377 1333 4420 cum
1354 4356 1499 4421 antehac
