3248 5230
907 405 969 468 288

391 583 493 646 Nullo
507 582 610 646 modo
622 583 707 646 haec
720 583 920 646 cohaerent:
934 584 1140 667 confusaque
1153 593 1187 647 et
1201 584 1397 667 perturbata
1409 585 1535 647 omnia.

346 702 414 768 Sed
446 704 544 766 adest
576 702 785 785 Leopoldius
816 724 920 778 meus,
941 703 1113 768 lenissima
1135 704 1399 788 transpositione
1422 704 1536 766 locum

345 843 484 886 sanans:

395 943 529 1023 „Iudaei
556 949 670 1004 mente
694 941 765 1006 sola
790 939 960 1024 unumque
984 962 1109 1005 numen
1129 940 1345 1024 intellegunt;
1367 961 1538 1004 summum

346 1061 428 1124 illud
460 1069 495 1123 et
526 1069 700 1123 aeternum
733 1079 856 1142 neque.
875 1059 1039 1123 imitabile
1071 1079 1182 1142 neque
1205 1060 1419 1122 interiturum
1427 1085 1435 1136 ;
1461 1079 1538 1142 pro·

348 1181 454 1256 fanos,
479 1181 537 1263 qui
561 1180 662 1243 deum
686 1179 851 1263 imagines
874 1179 1073 1242 mortalibus
1098 1179 1246 1242 materiis
1268 1179 1302 1242 in
1326 1179 1458 1263 species
1479 1179 1539 1242 ho·

348 1303 477 1366 minum
501 1299 696 1384 effingant.”

393 1421 451 1484 An
483 1421 569 1484 sorte
597 1428 707 1484 totum
733 1419 813 1483 illud
842 1417 1333 1500 „summum—interiturum”
1357 1418 1539 1483 Christiani

348 1541 495 1605 hominis
518 1548 569 1604 est
592 1537 791 1603 annotatio?

395 1780 439 1842 H.
465 1780 509 1854 V,
538 1796 586 1858 14.
611 1778 668 1841 Ad
693 1796 841 1861 pugnam
866 1785 957 1841 stant
979 1778 1087 1860 parati
1107 1776 1223 1841 Civilis
1241 1786 1277 1841 et
1297 1777 1445 1842 Cerealis
1463 1799 1541 1841 cum

349 1901 417 1964 suis
440 1899 563 1981 copiis:

399 2019 548 2101 „Neuter
572 2018 695 2082 ducum
720 2025 914 2094 cunctator;
940 2019 999 2080 sed
1020 2018 1158 2081 arcebat
1177 2017 1322 2081 latitudo
1342 2039 1542 2102 camporum

352 2147 474 2221 suopte
509 2137 646 2220 ingenio
681 2138 887 2200 umentium:
920 2137 1099 2200 addiderat
1130 2136 1268 2220 (Civilis)
1301 2137 1475 2220 obliquam
1508 2139 1541 2201 in

352 2259 510 2322 Rhenum
544 2258 678 2334 molem,
703 2259 797 2322 cuius
820 2257 957 2321 obiectu
981 2257 1153 2321 revolutus
1176 2257 1285 2321 amnis
1307 2259 1543 2322 adiacentibus

351 2375 683 2462 superfunderetur.”

397 2499 576 2583 Perspicua
600 2497 684 2560 haec
708 2504 742 2559 et
766 2497 895 2579 optime
915 2495 1138 2560 decurrentia.
1160 2495 1227 2561 Sed
1248 2517 1350 2578 quam
1370 2495 1542 2579 languide,

351 2639 453 2703 quam
478 2616 651 2701 pueriliter
674 2635 763 2678 nunc
787 2615 834 2677 sic
859 2615 1028 2699 pergitur:

399 2759 458 2820 „ea
480 2737 545 2801 loci
571 2736 687 2810 forma,
712 2735 849 2797 incertis
873 2734 968 2797 vadis
990 2733 1135 2798 subdola
1157 2743 1193 2797 et
1217 2734 1315 2798 nobis
1338 2733 1516 2798 adversa.'’

397 2858 475 2921 Non
507 2857 578 2920 lero
609 2855 698 2918 istud
735 2873 793 2935 „ea
816 2853 881 2916 loci
897 2853 1045 2924 ‘forma’fl
1070 2853 1201 2936 Quodsi
1225 2874 1287 2938 pro
1310 2875 1349 2918 ea
1372 2855 1542 2937 legeretur

352 2998 381 3040 e.
406 2996 435 3039 c.
458 2997 539 3059 ergo
562 2983 598 3036 et
618 2973 748 3056 virgula
767 2981 845 3055 post
857 2973 981 3056 forma
1001 2972 1181 3049 deleretur,
1201 2973 1289 3038 bene
1308 2974 1402 3038 locus
1420 2976 1542 3039 cohae-

351 3103 450 3158 reret.
475 3091 669 3176 Sequuntur
693 3093 783 3156 enim
808 3100 886 3174 post
909 3093 1053 3155 adversa
1076 3092 1180 3155 etiam
1204 3093 1305 3156 haec:

402 3212 557 3296 „Quippe
589 3211 685 3274 miles
717 3213 891 3275 Romanus
923 3212 1024 3274 armis
1055 3213 1166 3293 gravis
1197 3220 1232 3274 et
1255 3213 1358 3275 nandi
1382 3214 1544 3297 pavidus;

354 3334 543 3398 Germanos
573 3331 766 3395 fluminibus
796 3338 911 3394 suetos
940 3329 1061 3393 levitas
1090 3350 1261 3394 armorum
1293 3339 1328 3394 et
1360 3333 1546 3414 proceritas

353 3475 535 3539 corporum
557 3451 716 3516 attollit.”

399 3693 442 3757 H.
465 3692 508 3768 V,
534 3693 582 3756 16.
608 3691 654 3754 Et
678 3689 751 3753 aliis
770 3688 978 3771 argumentis
997 3687 1144 3752 Cerealis
1164 3689 1288 3752 milites
1307 3698 1344 3753 ut
1364 3689 1458 3756 bono
1477 3691 1544 3754 sint

353 3814 467 3876 animo
491 3814 654 3876 admonet
677 3819 712 3873 et
735 3809 817 3872 hoc:

402 3932 600 4013 „Pauciores
636 3950 743 4012 nuper
776 3948 854 3991 cum
890 3927 1041 4011 pluribus
1072 3936 1218 3992 certasse
1251 3937 1285 3992 et
1315 3939 1431 3994 tamen
1455 3931 1544 3994 susos

356 4051 552 4126 Germanos,
578 4051 670 4131 quod
695 4048 826 4111 roboris
850 4046 966 4110 fuerit:
991 4067 1176 4130 superesse,
1202 4049 1259 4131 qui
1280 4049 1394 4132 fugam
1415 4050 1543 4124 animis,

354 4171 413 4253 qui
437 4169 575 4233 vulnera
598 4175 694 4250 tergo
719 4164 861 4230 serant.”

402 4288 530 4350 Lacera
553 4287 654 4361 haec;
679 4283 854 4348 vocabulis
871 4286 972 4366 susos
998 4283 1181 4350 Germanos
1204 4287 1237 4348 in
1262 4288 1455 4352 universum
1478 4289 1542 4350 vic·

356 4408 443 4470 toria
475 4406 717 4479 Romanorum,
746 4403 860 4466 clades
884 4402 1032 4466 hostium
1055 4405 1278 4488 significatur;
1303 4417 1478 4488 praeterea
1500 4408 1540 4470 de
