3266 5238
664 384 722 449 ¹45

107 554 329 634 promitteret.
354 551 487 616 Scimus
511 553 601 614 enim
626 572 702 614 eum
727 550 885 634 Augusto
910 551 1018 614 visum
1043 571 1116 614 esse
1141 551 1297 632 ,avidum

106 673 262 756 (imperii)
286 680 320 734 et
345 669 532 734 minorem”
553 670 608 752 (A.
630 671 655 745 I,
682 671 741 752 13),
763 671 887 732 scimus
908 691 1044 753 quoque
1064 671 1095 754 (e
1116 670 1234 735 Servio
1255 671 1298 733 ad

107 792 202 874 Virg.
228 791 300 854 Ecl.
323 792 357 872 4)
381 791 422 854 ab
444 791 501 854 illo
525 789 673 854 fabulam
698 810 858 872 sparsam,
884 810 952 871 qua
976 792 1019 852 de
1039 789 1201 853 Pollionis
1219 809 1299 852 con·

106 911 186 974 sulis
206 911 275 975 filio
295 931 427 974 summa
447 931 614 993 quaeque,
633 917 808 992 tamquam
828 912 871 972 de
893 908 1004 972 futuro
1024 909 1156 992 imperii
1176 910 1300 992 capite,

107 1033 328 1095 vaticinatum
360 1051 432 1094 esse
464 1030 645 1113 Virgilium
673 1031 812 1111 quidam
837 1030 1053 1093 crediderunt
1078 1029 1132 1114 (cl.
1157 1031 1301 1094 Boissier

106 1151 137 1214 la
163 1152 321 1233 Religion
346 1151 513 1214 Romaine
538 1150 605 1213 vol.
630 1151 668 1232 I).
693 1148 788 1231 Quae
812 1151 839 1212 si
864 1171 932 1213 non
958 1171 1045 1214 vana
1068 1151 1215 1233 suspicio
1239 1159 1300 1225 est,

106 1291 176 1334 non
201 1270 310 1334 solum
333 1271 412 1334 ideo
436 1269 610 1333 Tiberium
635 1270 851 1345 admiramur,
876 1271 969 1352 quod
990 1270 1189 1353 ineptae'de
1209 1270 1302 1334 libris

105 1387 285 1472 Sibyllinis
304 1389 522 1473 inspiciendis
541 1390 731 1455 sententiae
748 1390 898 1471 prudens
915 1391 1113 1472 opposuerit
1126 1390 1302 1453 consilium

106 1511 214 1573 totius
238 1511 365 1592 negotii
389 1511 566 1594 sagacibus
591 1509 776 1592 peritisque
801 1511 985 1573 mandandi
1007 1511 1096 1585 viris,
1116 1511 1176 1573 sed
1190 1510 1303 1592 magis
1379 1553 1384 1569 r

108 1631 213 1693 etiam
245 1628 332 1692 hanc
364 1629 409 1691 ob
440 1649 587 1704 causam,
620 1629 712 1711 quod
744 1628 905 1692 stolidum
938 1628 1119 1706 aemulum,
1149 1629 1304 1712 quamvis

108 1751 182 1812 eius
211 1749 418 1832 perspiceret
441 1748 594 1824 artificia,
618 1748 717 1811 rebus
743 1748 855 1830 potius
879 1769 980 1830 quam
1005 1744 1117 1812 verbis
1140 1748 1304 1812 refutarit.

108 1868 212 1933 Certe
237 1868 318 1931 nihil
341 1869 396 1932 hic
420 1868 591 1932 commisit
610 1868 766 1931 Tiberius
786 1869 879 1950 quod
900 1868 955 1931 vel
974 1868 1145 1932 levissima
1165 1869 1304 1951 dignum

108 1996 199 2051 esset
225 1987 485 2071 vituperatione.
510 1987 556 2051 Et
580 1996 696 2051 tamen
720 1987 869 2064 Tacitus,
894 2007 935 2051 eo
956 1987 1043 2063 loeo,
1064 2009 1167 2070 quem
1186 1988 1306 2070 reliqui

110 2127 268 2183 vacuum,
300 2107 382 2188 quid
414 2105 547 2190 posuit?
573 2107 707 2189 Nempe
724 2109 865 2190 perinde
887 2109 1003 2171 divina
1025 2108 1234 2190 humanaque
1257 2107 1308 2171 ob·

110 2240 233 2312 tegens,
269 2247 356 2308 quae
392 2228 497 2290 verba
532 2227 590 2289 vix
623 2228 940 2309 interpretationem
972 2228 1158 2291 admittunt
1191 2227 1308 2290 ullam:

112 2348 190 2430 quis
210 2347 300 2410 enim
322 2367 383 2430 pro
404 2355 499 2410 certo
518 2355 668 2410 statuere
689 2347 795 2429 possit
816 2367 903 2428 quae
923 2347 966 2410 sit
987 2367 1104 2410 eorum
1120 2345 1310 2410 sententia?

114 2467 232 2532 Unum
257 2466 322 2530 hoc
346 2467 502 2530 videmus
526 2467 580 2528 hic
605 2487 742 2548 quoque
765 2487 801 2529 se
825 2467 946 2531 Tacito
970 2467 1161 2530 abstrusam
1181 2467 1309 2530 arcani·

114 2607 183 2670 que
216 2594 437 2668 appetentem
469 2587 656 2649 Domitiani
689 2586 851 2650 obtulisse
875 2586 1025 2650 indolem
1050 2625 1091 2634 —
1116 2589 1143 2650 si
1167 2608 1311 2669 usquam

114 2705 368 2788 intempestive,
400 2705 453 2768 hic
484 2705 649 2788 proiecto.
684 2707 772 2770 Nam
803 2708 847 2770 de
879 2706 1017 2770 Tiberio
1047 2727 1134 2789 quae
1159 2707 1213 2770 hic
1238 2727 1312 2770 nar·

115 2833 245 2901 rantur,
268 2826 383 2888 omnia
408 2835 486 2889 sunt
510 2845 612 2908 quam
636 2827 847 2908 apertissima
870 2826 1195 2909 simplicissimaque.

165 2943 232 3008 Sed
262 2945 403 3008 omnino
434 2965 601 3026 nusquam
629 2945 735 3028 magis
758 2946 872 3008 studio
896 2946 1020 3020 omnia,
1046 2965 1133 3028 quae
1157 2945 1313 3010 Tiberius

117 3063 238 3129 iecerit
360 3072 420 3127 aut
443 3084 512 3127 non
537 3063 665 3139 lecerit,
688 3065 722 3127 in
745 3066 893 3128 deterius
913 3065 1140 3147 detorquendi
1161 3066 1315 3148 indulget

118 3184 260 3247 Tacitus
290 3203 392 3265 quam
424 3183 489 3246 hoc
522 3184 645 3266 capite.
676 3183 753 3247 Non
774 3186 902 3267 fecerit
924 3185 989 3261 aio,
1013 3206 1092 3249 nam
1117 3206 1271 3269 nequae
1296 3207 1315 3250 a

118 3303 260 3367 Tiberio
293 3302 457 3384 neglecta,
482 3303 616 3378 omissa,
640 3313 755 3386 spreta
779 3305 918 3385 quidem
942 3313 1021 3368 sunt
1044 3306 1238 3388 turpissima
1261 3326 1316 3369 ca·

120 3443 195 3487 rere
223 3423 415 3505 suspicione
438 3422 577 3486 Tacitus
601 3424 737 3505 patitur,
761 3423 841 3487 licet
865 3423 1060 3489 facillimum
1084 3424 1127 3487 sit
1152 3424 1317 3488 honestis·

120 3544 243 3608 simam
266 3542 386 3605 afferre
408 3562 554 3606 causam.
577 3541 765 3606 Videamus
786 3545 890 3606 modo
911 3563 997 3624 quae
1019 3563 1120 3625 porro
1140 3551 1317 3606 narrantur

123 3664 248 3727 eodem
271 3661 400 3744 capite:

180 3781 352 3863 ,Edendis
394 3779 649 3862 gladiatoribus
688 3801 773 3863 quos
810 3778 1001 3843 Germanici
1038 3779 1147 3843 fratris
1183 3800 1222 3844 ac
1257 3802 1318 3846 suo

122 3902 261 3966 nomine
284 3900 466 3976 obtulerat,
492 3901 621 3964 Drusus
645 3899 825 3982 praesedit,
849 3918 1055 3980 quamquam
1078 3899 1134 3962 vili
1154 3901 1318 3982 sanguine

124 4021 225 4085 nimis
245 4021 413 4102 gaudens;
434 4020 526 4102 quod
548 4020 582 4083 in
602 4019 721 4102 vulgus
741 4017 997 4082 formidolosum
1014 4026 1049 4081 et
1062 4028 1160 4100 pater
1171 4019 1319 4100 arguisse

123 4139 337 4206 dicebatur.''

170 4261 349 4324 Hactenus
369 4261 483 4324 omnia
500 4262 544 4323 de
561 4258 699 4323 Tiberio
715 4259 797 4323 satis
814 4257 1010 4334 honorifica,
1025 4258 1250 4322 diciturenim
1264 4258 1323 4322 lilii

123 4380 364 4447 crudelitatem
379 4380 567 4444 identidem
577 4381 796 4462 vituperasse.
808 4379 899 4462 Ergo
908 4378 1156 4460 cumdeinceps
1164 4378 1324 4460 legimus:

1151 4510 1182 4547 10
