3248 5230
3 747 5 882 l

155 642 248 708 Otho
273 639 324 704 VI
360 639 534 703 Vitelliani
571 638 842 703 Othonianorum
880 639 1056 706 mollitiem
1089 640 1303 722 increpantes

110 760 199 824 ultro
231 761 275 823 ad
303 759 403 824 fortia
426 779 485 822 eos
509 759 598 822 facta
621 757 781 823 incitant:
806 755 882 822 οὕτω
909 756 972 838 γὰρ
997 757 1219 838 ἐταράχθησαν
1243 758 1301 822 ὑπὸ

3 901 4 912 ’
110 879 224 943 τούτων
248 883 307 941 τῶν
330 879 446 942 ὀνειδῶν
471 877 524 945 καῖ
548 875 718 952 διεκοέησαν
741 877 805 941 κτὲ.
831 879 997 954 Convitia,
1023 888 1060 943 ut
1080 882 1301 963 opinor‚'nori

105 999 309 1084 perturbant
337 1001 370 1082 (i.
391 1021 420 1063 e.
452 1009 544 1064 metu
577 999 743 1082 implent),
775 1000 835 1062 sed
868 1009 1082 1083 exasperant.
1113 1001 1206 1083 'Ergo
1239 1021 1300 1084 pro

111 1120 333 1199 ἐταράχθησαν
352 1120 534 1202 legendum
555 1119 619 1184 erit
638 1115 877 1198 ἕχαροὶχῖησαν.
900 1120 1005 1184 Amat
1028 1119 1224 1184 Plutarchus
1243 1141 1301 1183 vo·

111 1238 231 1303 cabula
262 1241 399 1322 tragica.
414 1240 546 1322 'Cogita
569 1239 623 1302 hic
648 1241 691 1302 de
716 1239 901 1321 Euripideo
926 1239 1000 1303 illo:
1025 1240 1050 1303 ri
1077 1239 1108 1305 δὲ
1135 1235 1187 1312 οῖς
1211 1236 1300 1310 πόσις

111 1356 203 1421 καινοὶ
226 1357 309 1438 λέχη
334 1358 452 1440 σεβίζει
478 1357 583 1442 (κοινὸν
607 1357 688 1442 τόδε)
714 1360 758 1432 μη
782 1356 960 1437 χαράσσσν.

155 1479 204 1542 Ib.
230 1478 359 1542 Valens
383 1480 544 1543 molestus
568 1488 640 1543 erat
659 1480 854 1542 civitatibus
878 1479 1006 1554 Italiae,
1031 1480 1074 1543 ad
1099 1501 1182 1561 quas
1206 1501 1301 1544 acce-

110 1599 224 1674 debat,
255 1608 289 1661 et
321 1599 393 1662 aliis
425 1600 525 1663 rebus
554 1609 588 1662 et
613 1601 704 1682 quod
733 1600 870 1680 „bracas
895 1599 1053 1663 indutus''
1078 1601 1195 1683 (verba
1217 1602 1302 1664 hae'c

107 1727 186 1782 sunt
216 1719 327 1782 Taciti
361 1717 405 1782 H.
436 1719 479 1795 II,
514 1721 567 1802 20)
599 1729 672 1783 erat
703 1719 840 1794 σημείοις
874 1717 927 1782 καῖ
960 1718 1091 1798 ἄρχουσι
1116 1718 1300 1796 Ῥωμαϊκοῖς

108 1835 342 1915 διαλεγόμενος.
366 1838 489 1903 Merito
508 1849 703 1923 suspectum
724 1840 828 1904 habet
848 1838 985 1914 σημείοις
1008 1839 1225 1917 Sintenisius‚'
1241 1843 1301 1906 sed

109 1957 215 2022 sacilis
238 1968 290 2024 est
313 1959 528 2034 emendatio;
555 1959 636 2022 nihil
659 1959 751 2022 aliud
775 1960 866 2023 enim
890 1960 936 2022 ibi
957 1959 1040 2023 latet
1060 1981 1162 2043 quam
1183 1959 1302 2037 δήμοις.

110 2076 166 2142 Sic
189 2098 251 2140 suo
275 2098 367 2141 more
393 2076 511 2160 (δήμοις
536 2075 590 2140 καῖ
615 2074 746 2157 ἄρχουσι
768 2077 964 2161 Ῥωμαϊκοῖς)
987 2078 1184 2144 Plutarchus
1202 2082 1303 2145 'Taci-

107 2206 202 2286 teum
226 2209 354 2280 togatos
377 2197 572 2280 amplificat.

155 2318 325 2381 Continuo
337 2319 505 2401 sequitur:
527 2316 578 2380 καῖ
599 2317 655 2388 την
675 2323 813 2394 γυναῖκα
833 2316 1039 2395 παρέπεμπον
1059 2319 1143 2399 αὐτῷ
1164 2318 1302 2396 λογάδην

108 2436 218 2507 ἱππεῖς
238 2435 409 2516 ὀχουμένην
422 2434 507 2516 ἵππῳ
520 2435 707 2511 κεκαρμένην
720 2437 891 2517 ἐπιφανῶς.
914 2438 1028 2502 Etiam
1040 2441 1134 2522 apud
1144 2440 1302 2505 Tacitum

109 2567 187 2639 post
211 2557 376 2620 Caecinae
401 2558 518 2621 bracas
542 2557 615 2622 illas
638 2540 922 2634 commemoratas
946 2559 1109 2622 continuo
1133 2560 1300 2641 sequitur:

157 2696 385 2758 „uxoremque
406 2678 476 2739 eius
497 2676 703 2753 Saloninam,
724 2695 932 2760 quamquam
951 2677 985 2740 in
1006 2677 1127 2742 nullius
1146 2679 1302 2743 iniuriam

108 2796 249 2877 insignis
273 2816 362 2876 equo
387 2805 549 2878 ostroque
573 2796 775 2860 veheretur'’

109 2935 188 2978 nam
220 2915 274 2978 hic
306 2916 519 2980 retinendam
549 2917 710 2980 traditam
741 2915 925 2978 lectionem
949 2916 1100 3000 insignia
1125 2937 1193 2980 non
1219 2919 1302 2981 reci·

110 3035 270 3116 piendam
305 3034 479 3098 Puteolani
503 3037 749 3099 correctionem
772 3037 905 3119 insigni,
932 3036 1129 3100 testimonio
1152 3045 1204 3100 est
1228 3037 1303 3101 Plu·

110 3154 255 3227 tarchus,
281 3156 338 3236 qui
363 3156 493 3238 etipse
519 3156 609 3219 illam
634 3157 732 3219 nobis
755 3155 1122 3236 traditamdectionem
1147 3157 1303 3222 habuerit

109 3281 188 3336 ante
208 3271 342 3336 oculos:
364 3275 495 3337 duabus
515 3275 614 3338 rebus
634 3274 831 3340 Saloninam
851 3275 968 3340 oculos
989 3276 1022 3338 in
1042 3297 1078 3339 se
1096 3279 1302 3342 convertisse

110 3401 233 3468 narrat,
259 3393 293 3455 et
317 3394 408 3474 quod
434 3414 523 3476 equo
547 3394 735 3458 vehebatur
759 3395 794 3458 et
813 3397 905 3477 quod
927 3415 1075 3478 purpura
1095 3399 1214 3463 lnduta
1230 3405 1303 3462 erat

108 3514 192 3595 ipsa.
226 3512 335 3594 Ipsius
365 3513 443 3595 equi
468 3513 636 3595 insignem
659 3523 815 3578 ornatum
840 3514 893 3577 vel
918 3514 1126 3596 praeclaram
1151 3518 1300 3598 speciem

108 3652 221 3714 neque
253 3631 451 3695 Plutarchus
480 3642 727 3696 commemorat
758 3654 868 3716 neque
892 3633 1041 3698 Tacitus.
1065 3634 1183 3716 Atque
1206 3636 1299 3718 apud

109 3750 325 3814 Plutarchum
351 3752 626 3815 terminationem
654 3773 705 3824 νην
729 3771 874 3834 sequens
898 3751 1023 3817 vocalis
1046 3752 1091 3816 ab
1115 3753 1207 3816 omni
1229 3773 1301 3818 mu·

107 3871 203 3934 tandi
228 3870 405 3932 conamine
430 3868 595 3934 defendit.

148 3989 246 4054 Otho
272 3988 356 4052 VIII
389 3989 558 4052 Proelium
590 3989 724 4052 differre
758 3987 915 4050 Paulinus
946 4010 965 4052 e
997 4009 1032 4052 re
1056 3989 1202 4054 Othonis
1226 4013 1299 4055 esse

107 4118 237 4185 monet,
262 4118 382 4192 utpote
407 4111 464 4192 qui
489 4131 507 4173 e
534 4109 662 4172 Moesia
685 4118 720 4172 et
744 4081 918 4173 Pannonia
943 4129 1081 4192 magnas
1101 4112 1203 4174 etiam
1224 4131 1301 4194 pos·

105 4233 149 4294 sit
182 4238 381 4311 exspectare
413 4231 539 4312 copiae,
571 4227 609 4294 ῖιν
634 4228 685 4292 τὸν
711 4229 805 4292 αὑτοῦ
830 4229 977 4310 τεριμένη
1002 4227 1116 4310 καιρόν,
1140 4230 1229 4294 ἄλλα
1252 4232 1297 4306 μη

105 4358 270 4429 στρατηγῇ
303 4349 375 4428 πρὸς
407 4349 457 4412 τὸν
482 4353 542 4412 τῶν
565 4347 733 4425 πολεμίων.
760 4348 862 4412 Nihili
887 4351 994 4428 istud;
1020 4352 1096 4416 dele
1118 4350 1181 4428 τόν,
1205 4352 1298 4434 quod

106 4479 183 4554 post
208 4467 279 4547 πρός
302 4469 435 4552 legitur,
457 4480 493 4534 ut
513 4470 649 4554 elegans
670 4471 825 4558 obtineas
845 4471 991 4536 dictum:
1013 4478 1202 4551 στρατηγεῖν
1224 4467 1298 4550 πρὸς
