3266 5238
899 421 959 482 ¹44

330 579 453 643 culum.
486 581 619 646 Deinde
647 582 902 664 cupidissimum
925 603 962 646 se
985 583 1147 646 adversus
1170 582 1343 646 Tiberium
1368 583 1528 664 praebet,

331 700 389 782 qui
422 720 466 763 ex
496 702 632 784 egregio
663 701 792 764 Tiberii
821 721 985 784 responso
1016 704 1244 785 suspicionem
1269 710 1364 786 petat
1387 701 1527 766 simula-

330 821 432 883 tionis
462 829 533 883 tam
565 820 715 903 perfidae
746 830 817 886 tam
840 823 1091 887 abominandae
1115 831 1153 886 ut
1177 824 1235 886 vix
1257 824 1291 887 in
1316 843 1527 906 quemquam

332 939 525 1003 mortalium
549 943 731 1006 convenire
752 943 918 1006 videatur.
940 942 1008 1006 Ain
1030 947 1129 1006 vero!
1151 941 1264 1006 Sicine
1284 942 1530 1026 respondendo

331 1068 435 1141 atque
465 1061 514 1122 sic
544 1060 741 1144 repellendo
774 1081 825 1136 eo,
858 1062 915 1143 qui
941 1082 1029 1124 nova
1052 1061 1254 1125 crudelitate
1278 1060 1531 1124 commaculare

332 1178 577 1261 rempublicam
608 1180 736 1262 primus
767 1189 819 1244 est
849 1189 1001 1256 conatus,
1028 1179 1092 1242 hoc
1117 1180 1285 1262 spectavit
1309 1179 1466 1243 Tiberius
1489 1187 1532 1242 ut

332 1299 374 1360 ad
399 1298 508 1380 ipsam
527 1297 619 1361 illam
638 1298 869 1362 calamitatem
889 1299 979 1362 viam
1000 1297 1167 1362 muniret?
1188 1299 1241 1362 Ne
1262 1299 1305 1361 de
1327 1299 1531 1362 Domitiano

333 1418 471 1498 quidem
495 1418 522 1480 si
547 1418 622 1499 quis
644 1417 725 1481 talia
748 1419 908 1493 traderet,
935 1417 1039 1482 fidem
1063 1419 1093 1480 ei
1119 1417 1329 1482 haberemus.
1355 1417 1432 1480 Hoc
1456 1437 1531 1480 cer·

332 1543 406 1598 tum
426 1545 477 1599 est
497 1537 684 1601 Domitiani
706 1545 879 1618 „naturam
899 1536 1100 1601 obscuram”
1120 1536 1216 1620 (Agr.
1235 1537 1291 1620 42)
1307 1537 1430 1599 Tacito
1445 1545 1529 1598 ante

332 1656 449 1720 oculos
473 1657 689 1721 obversatam
713 1677 797 1732 esse,
820 1676 898 1720 cum
917 1657 961 1720 de
981 1655 1120 1719 Tiberio
1139 1664 1210 1718 tam
1230 1654 1442 1719 incredibilia
1461 1655 1529 1718 sibi

334 1776 477 1859 fingeret
491 1775 524 1861 ¹).

379 1894 470 1960 Ann.
492 1896 518 1958 l.
540 1895 593 1978 76.
618 1895 770 1976 „Eodem
791 1915 881 1958 anno
901 1895 1070 1959 continuis
1089 1894 1252 1958 imbribus
1263 1903 1382 1959 auctus
1394 1894 1533 1956 Tiberis

333 2014 436 2096 plana
467 2013 559 2078 urbis
589 2020 823 2094 stagnaverat3
849 2012 1058 2077 relabentem
1081 2022 1198 2078 secuta
1221 2021 1272 2077 est
1295 2012 1533 2077 aedificiorum

335 2142 369 2196 et
401 2133 576 2196 hominum
607 2141 747 2216 strages.
779 2132 886 2214 Igitur
916 2133 1048 2197 censuit
1079 2133 1218 2196 Asinius
1243 2131 1367 2206 Gallus,
1392 2139 1429 2194 ut
1452 2130 1536 2193 libri

336 2251 494 2335 Sibyllini
513 2253 696 2316 adirentur.
718 2252 869 2315 Rennuit
889 2251 1066 2314 Tiberius.
1081 2253 1206 2315 ...sed
1228 2252 1416 2315 remedium
1436 2256 1538 2312 coer·

336 2373 436 2436 cendi
461 2371 607 2435 fluminis
630 2371 736 2434 Ateio
760 2369 918 2453 Capitoni
943 2379 977 2434 et
1002 2372 1041 2434 L.
1066 2371 1230 2435 Arruntio
1252 2367 1484 2433 mandatum.'’

381 2491 488 2554 Vides
520 2491 601 2573 quid
627 2489 758 2553 intersit
779 2490 869 2553 'inter
893 2490 1067 2553 hominem
1092 2491 1247 2572 ineptum
1271 2488 1468 2570 fatuumque
1494 2497 1536 2550 et

335 2611 636 2694 prudentissimum
667 2609 860 2673 mortalium
892 2610 1143 2692 imperatorem.
1168 2608 1298 2691 Quodsi
1322 2617 1357 2671 et
1381 2608 1453 2690 ipse
1475 2627 1539 2668 su·

340 2732 510 2814 spiciones
546 2749 683 2794 movere
717 2728 850 2804 vellem,
883 2744 1008 2809 easque
1043 2729 1181 2792 minime
1212 2728 1256 2792 de
1287 2726 1392 2790 nihilo
1423 2725 1540 2803 fictas,

337 2851 504 2913 coniicere
528 2869 664 2932 possem
689 2869 757 2911 non
781 2857 852 2911 tam
875 2848 979 2911 stulta
1002 2848 1199 2912 infirmitate
1224 2857 1353 2912 motum
1378 2847 1459 2910 illud
1484 2849 1538 2910 de

337 2969 431 3033 libris
463 2968 636 3051 Sibyllinis
662 2968 832 3031 censuisse
857 2966 1001 3043 Gallum,
1025 2968 1085 3031 sed
1109 2976 1304 3050 sperantem
1328 2966 1399 3030 lore
1422 2974 1459 3029 ut
1484 2967 1540 3030 ibi

338 3088 507 3172 legeretur
526 3088 664 3170 aliquid,
685 3087 778 3170 quod
797 3106 907 3150 rerum
921 3087 1145 3150 mutationem
1157 3096 1261 3170 atque
1275 3088 1337 3170 ipsi
1350 3086 1539 3170 imperium

383 3300 408 3367 t)
427 3301 503 3350 Hanc
531 3297 631 3348 Tiberii
658 3313 717 3348 cum
744 3297 896 3347 Domitiano
923 3297 1103 3347 contusionem
1131 3314 1184 3348 non
1212 3305 1435 3349 commemoratam
1463 3297 1543 3348 inter

339 3403 429 3437 causas
453 3401 499 3436 cur
518 3392 569 3434 tam
589 3399 709 3450 perverse
727 3383 759 3433 de
779 3383 886 3432 Tiberio
905 3383 1058 3433 iudicaverit
1076 3384 1183 3434 Tacitus
1200 3401 1216 3435 a
1233 3385 1336 3435 Stabrio
1355 3385 1382 3434 in
1402 3383 1543 3450 praeclara

338 3473 385 3523 illa
410 3472 508 3522 riberii
526 3471 680 3520 defensione
698 3485 777 3535 saepe
796 3469 902 3518 miratus
920 3485 985 3519 snm.
1004 3469 1056 3520 Sed
1074 3472 1284 3522 commemorarit
1303 3487 1359 3522 eam
1377 3470 1423 3536 qui
1442 3470 1542 3520 multis

338 3565 398 3625 post
414 3559 544 3608 Stahrium
559 3557 636 3608 annis
650 3556 721 3606 idem
736 3555 855 3605 tractavit
870 3563 1066 3621 argumentum:
1078 3557 1206 3608 'l’arverus
1215 3559 1243 3610 in
1252 3559 1320 3608 libro
1330 3575 1353 3608 c.
1364 3567 1382 3608 t
1395 3557 1542 3622 „Tiberius

337 3646 381 3696 the
409 3631 522 3712 tyrant'',
549 3645 595 3710 qui
622 3643 699 3708 liber,
722 3642 785 3693 licet
809 3643 881 3707 quod
906 3642 939 3691 ad
964 3644 1108 3694 doctrinam
1133 3653 1159 3695 et
1184 3646 1336 3711 disputandi
1360 3644 1541 3694 subtilitatem

337 3733 452 3798 pertinet
475 3747 535 3782 curn
560 3730 697 3780 Stahriano
721 3728 833 3778 contem
858 3744 1025 3794 nequaqnam
1049 3731 1141 3796 possit,
1165 3731 1235 3782 baud
1260 3747 1343 3797 pauca
1367 3731 1446 3782 babet
1465 3747 1542 3797 qnae

337 3820 392 3872 iore
412 3820 559 3885 probemus.
578 3819 610 3868 In
630 3816 726 3882 quibus
746 3823 772 3865 et
791 3816 841 3866 hoc
859 3821 899 3866 est
917 3816 989 3881 quod
1007 3833 1034 3882 p.
1051 3817 1101 3884 265
1119 3818 1197 3868 dicit:
1215 3819 1259 3882 „in
1275 3819 1337 3884 fact,
1352 3819 1396 3868 the
1412 3819 1542 3869 Tiberius

337 3905 368 3955 ol
389 3906 495 3956 Tacitus
517 3920 569 3954 was
590 3912 638 3953 not
655 3903 777 3952 'l'iberius
794 3910 821 3951 at
839 3901 884 3967 all,
902 3903 950 3951 but
969 3903 1130 3954 Domitian”.
1148 3905 1190 3955 En
1209 3907 1385 3970 συνέμπιισιιι
1403 3907 1543 3971 insignem

340 3991 455 4056 mihique
475 3988 700 4039 iucundissimam!
721 3989 789 4038 Nam
807 3987 914 4037 Tarveri
932 3987 1000 4038 liber
1018 3989 1099 4053 paulo
1118 3992 1189 4057 prius
1203 4009 1283 4058 quam
1298 3994 1392 4044 haecce
1404 4007 1545 4042 commen·

339 4076 403 4127 tatio
422 4077 450 4126 in
468 4075 554 4124 lucem
571 4075 669 4139 prodiit
686 4073 723 4140 (a.
742 4070 835 4142 1902):
851 4089 937 4138 neque
954 4090 1015 4140 ergo
1031 4075 1076 4125 ille
1093 4093 1159 4145 eam,
1174 4095 1232 4129 cum
1248 4081 1387 4146 scribebat,
1402 4079 1543 4145 cognitam

340 4164 441 4228 babuit,
466 4169 502 4226 et,
525 4161 558 4210 ad
582 4176 623 4209 me
648 4175 706 4211 cum
732 4161 844 4226 primum
868 4161 975 4210 Tarveri
999 4162 1067 4213 liber
1091 4165 1278 4234 perferebatur,
1299 4183 1371 4217 meae
1390 4168 1422 4217 rle
1442 4167 1543 4217 Tacito

340 4247 534 4299 lucubrationes
562 4246 679 4296 nondum
703 4246 810 4312 quidem
834 4246 909 4311 prelo
933 4247 1073 4312 impressae
1098 4260 1180 4317 erant,
1205 4253 1252 4303 sed
1275 4254 1326 4303 iam
1350 4253 1465 4319 aliquam
1491 4255 1543 4302 diu

340 4335 500 4400 perscriptae
520 4334 741 4382 conservabantur
757 4333 828 4398 apud
848 4333 1036 4399 Mnemosynae
1054 4337 1217 4389 collectores.
1237 4339 1370 4390 Credibile
1380 4346 1428 4406 ‘est
1443 4339 1544 4390 eodem

342 4420 384 4470 die
403 4429 429 4470 et
447 4435 488 4469 me
507 4426 533 4468 et
552 4419 625 4469 illum
645 4419 708 4469 haec
727 4419 760 4468 de
780 4419 887 4468 Tiberio
907 4419 1112 4489 Domitianoque
1130 4425 1233 4475 chartae
1249 4425 1394 4476 mandasse.
