<?xml version="1.0" encoding="UTF-8"?>
<!DOCTYPE html PUBLIC "-//W3C//DTD XHTML 1.0 Transitional//EN"
    "http://www.w3.org/TR/xhtml1/DTD/xhtml1-transitional.dtd">
<html xmlns="http://www.w3.org/1999/xhtml" xml:lang="en" lang="en">
 <head>
  <title>
</title>
<meta http-equiv="Content-Type" content="text/html;charset=utf-8" />
  <meta name='ocr-system' content='tesseract 3.04.00' />
  <meta name='ocr-capabilities' content='ocr_page ocr_carea ocr_par ocr_line ocrx_word'/>
</head>
<body>
  <div class='ocr_page' id='page_1' title='image "./analectatacitea01hartgoog_0125.png"; bbox 0 0 3266 5238; ppageno 0'>
   <div class='ocr_carea' id='block_1_1' title="bbox 891 457 953 520">
    <p class='ocr_par' dir='ltr' id='par_1_1' title="bbox 891 457 953 520">
     <span class='ocr_line' id='line_1_1' title="bbox 891 457 953 520; baseline 0.048 -17"><span class='ocrx_word' id='word_1_1' title='bbox 891 457 953 520; x_wconf 88' lang='lat'>114</span> 
     </span>
    </p>
   </div>
   <div class='ocr_carea' id='block_1_2' title="bbox 321 614 1523 821">
    <p class='ocr_par' dir='ltr' id='par_1_2' title="bbox 321 614 1523 821">
     <span class='ocr_line' id='line_1_2' title="bbox 321 614 1523 682; baseline 0.001 -3"><span class='ocrx_word' id='word_1_2' title='bbox 321 615 536 679; x_wconf 84' lang='lat' dir='ltr'>adimerent”.</span> <span class='ocrx_word' id='word_1_3' title='bbox 573 614 623 678; x_wconf 89' lang='lat' dir='ltr'>At</span> <span class='ocrx_word' id='word_1_4' title='bbox 655 615 736 678; x_wconf 91' lang='lat' dir='ltr'>mihi</span> <span class='ocrx_word' id='word_1_5' title='bbox 768 617 876 681; x_wconf 92' lang='lat' dir='ltr'>multo</span> <span class='ocrx_word' id='word_1_6' title='bbox 908 619 1042 682; x_wconf 89' lang='lat' dir='ltr'>videtur</span> <span class='ocrx_word' id='word_1_7' title='bbox 1073 616 1285 680; x_wconf 91' lang='lat' dir='ltr'>verisimilius</span> <span class='ocrx_word' id='word_1_8' title='bbox 1317 618 1397 681; x_wconf 86' lang='lat' dir='ltr'>nihil</span> <span class='ocrx_word' id='word_1_9' title='bbox 1432 619 1523 681; x_wconf 85' lang='lat' dir='ltr'>ultra</span> 
     </span>
     <span class='ocr_line' id='line_1_3' title="bbox 322 734 1521 821; baseline 0.003 -23"><span class='ocrx_word' id='word_1_10' title='bbox 322 735 461 798; x_wconf 89' lang='lat' dir='ltr'>nomina</span> <span class='ocrx_word' id='word_1_11' title='bbox 480 734 534 797; x_wconf 92' lang='lat' dir='ltr'>hic</span> <span class='ocrx_word' id='word_1_12' title='bbox 554 735 675 798; x_wconf 91' lang='lat' dir='ltr'>Tacito</span> <span class='ocrx_word' id='word_1_13' title='bbox 697 737 891 814; x_wconf 85' lang='lat' dir='ltr'>innotuisse,</span> <span class='ocrx_word' id='word_1_14' title='bbox 909 757 1111 821; x_wconf 87' lang='lat' dir='ltr'>semperque</span> <span class='ocrx_word' id='word_1_15' title='bbox 1128 757 1206 800; x_wconf 90' lang='lat' dir='ltr'>eum</span> <span class='ocrx_word' id='word_1_16' title='bbox 1222 737 1359 801; x_wconf 91' lang='lat' dir='ltr'>latuisse</span> <span class='ocrx_word' id='word_1_17' title='bbox 1378 740 1410 801; x_wconf 94' lang='lat' dir='ltr'>id</span> <span class='ocrx_word' id='word_1_18' title='bbox 1425 740 1521 820; x_wconf 92' lang='lat' dir='ltr'>quod</span> 
     </span>
    </p>
   </div>
   <div class='ocr_carea' id='block_1_3' title="bbox 322 837 1522 939">
    <p class='ocr_par' dir='ltr' id='par_1_3' title="bbox 322 837 1522 939">
     <span class='ocr_line' id='line_1_4' title="bbox 322 837 1522 939; baseline 0.003 -21"><span class='ocrx_word' id='word_1_19' title='bbox 322 856 486 920; x_wconf 87' lang='lat' dir='ltr'>hodierna</span> <span class='ocrx_word' id='word_1_20' title='bbox 521 857 564 919; x_wconf 92' lang='lat' dir='ltr'>de</span> <span class='ocrx_word' id='word_1_21' title='bbox 599 858 859 939; x_wconf 86' lang='lat' dir='ltr'>antiquitatibus</span> <span class='ocrx_word' id='word_1_22' title='bbox 894 859 1057 922; x_wconf 90' lang='lat' dir='ltr'>Romanis</span> <span class='ocrx_word' id='word_1_23' title='bbox 1093 837 1279 923; x_wconf 86' lang='lat' dir='ltr'>enchiridia</span> <span class='ocrx_word' id='word_1_24' title='bbox 1314 860 1440 923; x_wconf 89' lang='lat' dir='ltr'>docent</span> <span class='ocrx_word' id='word_1_25' title='bbox 1476 862 1522 922; x_wconf 92' lang='lat' dir='ltr'>de</span> 
     </span>
    </p>
   </div>
   <div class='ocr_carea' id='block_1_4' title="bbox 322 975 1524 2258">
    <p class='ocr_par' dir='ltr' id='par_1_4' title="bbox 322 975 1524 2258">
     <span class='ocr_line' id='line_1_5' title="bbox 322 975 1519 1061; baseline 0.003 -23"><span class='ocrx_word' id='word_1_26' title='bbox 322 976 454 1039; x_wconf 87' lang='lat' dir='ltr'>duabus</span> <span class='ocrx_word' id='word_1_27' title='bbox 476 975 608 1059; x_wconf 83' lang='lat' dir='ltr'>legibus</span> <span class='ocrx_word' id='word_1_28' title='bbox 632 976 796 1042; x_wconf 89' lang='lat' dir='ltr'>Serviliis:</span> <span class='ocrx_word' id='word_1_29' title='bbox 823 981 925 1042; x_wconf 89' lang='lat' dir='ltr'>etiam</span> <span class='ocrx_word' id='word_1_30' title='bbox 946 999 1046 1054; x_wconf 91' lang='lat' dir='ltr'>nunc,</span> <span class='ocrx_word' id='word_1_31' title='bbox 1067 978 1130 1041; x_wconf 89' lang='lat' dir='ltr'>nisi</span> <span class='ocrx_word' id='word_1_32' title='bbox 1150 977 1255 1053; x_wconf 81' lang='lat' dir='ltr'>fallor,</span> <span class='ocrx_word' id='word_1_33' title='bbox 1276 987 1328 1040; x_wconf 90' lang='lat' dir='ltr'>est</span> <span class='ocrx_word' id='word_1_34' title='bbox 1348 980 1519 1061; x_wconf 81' lang='lat' dir='ltr'>quaedam</span> 
     </span>
     <span class='ocr_line' id='line_1_6' title="bbox 323 1097 1521 1162; baseline 0.003 -3"><span class='ocrx_word' id='word_1_35' title='bbox 323 1097 366 1159; x_wconf 89' lang='lat' dir='ltr'>de</span> <span class='ocrx_word' id='word_1_36' title='bbox 398 1097 436 1158; x_wconf 92' lang='lat' dir='ltr'>iis</span> <span class='ocrx_word' id='word_1_37' title='bbox 467 1097 554 1159; x_wconf 93' lang='lat' dir='ltr'>inter</span> <span class='ocrx_word' id='word_1_38' title='bbox 585 1098 675 1160; x_wconf 91' lang='lat' dir='ltr'>viros</span> <span class='ocrx_word' id='word_1_39' title='bbox 703 1098 824 1161; x_wconf 91' lang='lat' dir='ltr'>doctos</span> <span class='ocrx_word' id='word_1_40' title='bbox 847 1099 1088 1162; x_wconf 86' lang='lat' dir='ltr'>controversia.</span> <span class='ocrx_word' id='word_1_41' title='bbox 1113 1098 1316 1161; x_wconf 88' lang='lat' dir='ltr'>Tacitumne</span> <span class='ocrx_word' id='word_1_42' title='bbox 1340 1100 1521 1162; x_wconf 81' lang='lat' dir='ltr'>credamus</span> 
     </span>
     <span class='ocr_line' id='line_1_7' title="bbox 323 1215 1521 1300; baseline 0.003 -23"><span class='ocrx_word' id='word_1_43' title='bbox 323 1216 356 1278; x_wconf 89' lang='lat' dir='ltr'>in</span> <span class='ocrx_word' id='word_1_44' title='bbox 381 1215 546 1278; x_wconf 91' lang='lat' dir='ltr'>eiusmodi</span> <span class='ocrx_word' id='word_1_45' title='bbox 572 1217 673 1279; x_wconf 90' lang='lat' dir='ltr'>rebus</span> <span class='ocrx_word' id='word_1_46' title='bbox 697 1218 883 1281; x_wconf 88' lang='lat' dir='ltr'>tractandis</span> <span class='ocrx_word' id='word_1_47' title='bbox 906 1218 1020 1281; x_wconf 89' lang='lat' dir='ltr'>omnia</span> <span class='ocrx_word' id='word_1_48' title='bbox 1045 1218 1133 1280; x_wconf 90' lang='lat' dir='ltr'>bene</span> <span class='ocrx_word' id='word_1_49' title='bbox 1157 1218 1368 1300; x_wconf 87' lang='lat' dir='ltr'>perspexisse</span> <span class='ocrx_word' id='word_1_50' title='bbox 1393 1226 1429 1281; x_wconf 93' lang='lat' dir='ltr'>et</span> <span class='ocrx_word' id='word_1_51' title='bbox 1452 1220 1521 1281; x_wconf 85' lang='lat' dir='ltr'>dis-</span> 
     </span>
     <span class='ocr_line' id='line_1_8' title="bbox 322 1333 1522 1421; baseline 0.003 -24"><span class='ocrx_word' id='word_1_52' title='bbox 322 1333 484 1398; x_wconf 87' lang='lat' dir='ltr'>tinxisse?</span> <span class='ocrx_word' id='word_1_53' title='bbox 510 1335 610 1398; x_wconf 88' lang='lat' dir='ltr'>Haud</span> <span class='ocrx_word' id='word_1_54' title='bbox 636 1337 773 1420; x_wconf 90' lang='lat' dir='ltr'>opinor:</span> <span class='ocrx_word' id='word_1_55' title='bbox 800 1357 878 1400; x_wconf 91' lang='lat' dir='ltr'>nam</span> <span class='ocrx_word' id='word_1_56' title='bbox 898 1336 951 1400; x_wconf 91' lang='lat' dir='ltr'>vel</span> <span class='ocrx_word' id='word_1_57' title='bbox 973 1338 1026 1401; x_wconf 93' lang='lat' dir='ltr'>hic</span> <span class='ocrx_word' id='word_1_58' title='bbox 1048 1336 1157 1400; x_wconf 90' lang='lat' dir='ltr'>multo</span> <span class='ocrx_word' id='word_1_59' title='bbox 1176 1339 1310 1420; x_wconf 84' lang='lat' dir='ltr'>gravior</span> <span class='ocrx_word' id='word_1_60' title='bbox 1330 1338 1522 1421; x_wconf 89' lang='lat' dir='ltr'>deprehen-</span> 
     </span>
     <span class='ocr_line' id='line_1_9' title="bbox 323 1453 1524 1539; baseline 0.004 -23"><span class='ocrx_word' id='word_1_61' title='bbox 323 1455 413 1517; x_wconf 88' lang='lat' dir='ltr'>ditur</span> <span class='ocrx_word' id='word_1_62' title='bbox 443 1453 596 1517; x_wconf 86' lang='lat' dir='ltr'>conlusio</span> <span class='ocrx_word' id='word_1_63' title='bbox 626 1476 728 1538; x_wconf 87' lang='lat' dir='ltr'>quam</span> <span class='ocrx_word' id='word_1_64' title='bbox 758 1477 799 1522; x_wconf 87' lang='lat' dir='ltr'>ea</span> <span class='ocrx_word' id='word_1_65' title='bbox 828 1466 891 1532; x_wconf 92' lang='lat' dir='ltr'>est,</span> <span class='ocrx_word' id='word_1_66' title='bbox 921 1477 1023 1539; x_wconf 90' lang='lat' dir='ltr'>quam</span> <span class='ocrx_word' id='word_1_67' title='bbox 1052 1457 1292 1539; x_wconf 89' lang='lat' dir='ltr'>supplemento</span> <span class='ocrx_word' id='word_1_68' title='bbox 1315 1477 1376 1520; x_wconf 90' lang='lat' dir='ltr'>suo</span> <span class='ocrx_word' id='word_1_69' title='bbox 1399 1457 1524 1521; x_wconf 88' lang='lat' dir='ltr'>tollere</span> 
     </span>
     <span class='ocr_line' id='line_1_10' title="bbox 324 1574 1521 1659; baseline 0.003 -23"><span class='ocrx_word' id='word_1_70' title='bbox 324 1574 564 1656; x_wconf 88' lang='lat' dir='ltr'>Nipperdeyus</span> <span class='ocrx_word' id='word_1_71' title='bbox 588 1585 739 1639; x_wconf 89' lang='lat' dir='ltr'>conatur.</span> <span class='ocrx_word' id='word_1_72' title='bbox 766 1576 889 1642; x_wconf 90' lang='lat' dir='ltr'>Nonne</span> <span class='ocrx_word' id='word_1_73' title='bbox 913 1578 1003 1640; x_wconf 89' lang='lat' dir='ltr'>enim</span> <span class='ocrx_word' id='word_1_74' title='bbox 1027 1576 1167 1641; x_wconf 91' lang='lat' dir='ltr'>ridicule</span> <span class='ocrx_word' id='word_1_75' title='bbox 1188 1577 1310 1640; x_wconf 88' lang='lat' dir='ltr'>iudicia</span> <span class='ocrx_word' id='word_1_76' title='bbox 1331 1578 1465 1659; x_wconf 88' lang='lat' dir='ltr'>privata</span> <span class='ocrx_word' id='word_1_77' title='bbox 1486 1586 1521 1640; x_wconf 91' lang='lat' dir='ltr'>et</span> 
     </span>
     <span class='ocr_line' id='line_1_11' title="bbox 323 1682 1523 1778; baseline 0.003 -22"><span class='ocrx_word' id='word_1_78' title='bbox 323 1693 459 1776; x_wconf 93' lang='lat' dir='ltr'>publica</span> <span class='ocrx_word' id='word_1_79' title='bbox 483 1695 516 1756; x_wconf 90' lang='lat' dir='ltr'>in</span> <span class='ocrx_word' id='word_1_80' title='bbox 541 1695 687 1757; x_wconf 90' lang='lat' dir='ltr'>eundem</span> <span class='ocrx_word' id='word_1_81' title='bbox 712 1696 937 1758; x_wconf 89' lang='lat' dir='ltr'>coniiciuntur</span> <span class='ocrx_word' id='word_1_82' title='bbox 955 1695 1079 1769; x_wconf 89' lang='lat' dir='ltr'>locum,</span> <span class='ocrx_word' id='word_1_83' title='bbox 1099 1703 1273 1778; x_wconf 89' lang='lat' dir='ltr'>tamquam</span> <span class='ocrx_word' id='word_1_84' title='bbox 1295 1697 1322 1758; x_wconf 88' lang='lat' dir='ltr'>si</span> <span class='ocrx_word' id='word_1_85' title='bbox 1341 1682 1523 1759; x_wconf 82' lang='lat' dir='ltr'>interesset</span> 
     </span>
     <span class='ocr_line' id='line_1_12' title="bbox 324 1811 1521 1898; baseline 0.002 -22"><span class='ocrx_word' id='word_1_86' title='bbox 324 1811 426 1876; x_wconf 80' lang='lat' dir='ltr'>nihil?</span> <span class='ocrx_word' id='word_1_87' title='bbox 459 1813 582 1876; x_wconf 90' lang='lat' dir='ltr'>Nonne</span> <span class='ocrx_word' id='word_1_88' title='bbox 614 1815 840 1880; x_wconf 86' lang='lat' dir='ltr'>diversissima</span> <span class='ocrx_word' id='word_1_89' title='bbox 873 1816 960 1877; x_wconf 87' lang='lat' dir='ltr'>inter</span> <span class='ocrx_word' id='word_1_90' title='bbox 983 1835 1019 1878; x_wconf 90' lang='lat' dir='ltr'>se</span> <span class='ocrx_word' id='word_1_91' title='bbox 1042 1817 1218 1897; x_wconf 87' lang='lat' dir='ltr'>coniungit</span> <span class='ocrx_word' id='word_1_92' title='bbox 1241 1815 1310 1896; x_wconf 93' lang='lat' dir='ltr'>qui,</span> <span class='ocrx_word' id='word_1_93' title='bbox 1334 1824 1521 1898; x_wconf 85' lang='lat' dir='ltr'>postquam</span> 
     </span>
     <span class='ocr_line' id='line_1_13' title="bbox 324 1934 1523 2019; baseline 0.003 -24"><span class='ocrx_word' id='word_1_94' title='bbox 324 1935 472 1996; x_wconf 88' lang='lat' dir='ltr'>narravit</span> <span class='ocrx_word' id='word_1_95' title='bbox 492 1935 535 1996; x_wconf 88' lang='lat' dir='ltr'>de</span> <span class='ocrx_word' id='word_1_96' title='bbox 557 1934 808 2015; x_wconf 85' lang='lat' dir='ltr'>magistratibus</span> <span class='ocrx_word' id='word_1_97' title='bbox 828 1936 919 2017; x_wconf 89' lang='lat' dir='ltr'>apud</span> <span class='ocrx_word' id='word_1_98' title='bbox 941 1956 1026 2017; x_wconf 90' lang='lat' dir='ltr'>quos</span> <span class='ocrx_word' id='word_1_99' title='bbox 1046 1935 1116 2018; x_wconf 80' lang='lat' dir='ltr'>lege</span> <span class='ocrx_word' id='word_1_100' title='bbox 1133 1937 1252 2019; x_wconf 85' lang='lat' dir='ltr'>agitur</span> <span class='ocrx_word' id='word_1_101' title='bbox 1272 1937 1384 2017; x_wconf 91' lang='lat' dir='ltr'>deque</span> <span class='ocrx_word' id='word_1_102' title='bbox 1400 1956 1523 1999; x_wconf 90' lang='lat' dir='ltr'>eorum</span> 
     </span>
     <span class='ocr_line' id='line_1_14' title="bbox 324 2045 1524 2139; baseline 0.002 -22"><span class='ocrx_word' id='word_1_103' title='bbox 324 2055 479 2129; x_wconf 86' lang='lat' dir='ltr'>decretis,</span> <span class='ocrx_word' id='word_1_104' title='bbox 515 2055 629 2117; x_wconf 89' lang='lat' dir='ltr'>statim</span> <span class='ocrx_word' id='word_1_105' title='bbox 665 2055 857 2139; x_wconf 90' lang='lat' dir='ltr'>disceptare</span> <span class='ocrx_word' id='word_1_106' title='bbox 892 2056 1010 2138; x_wconf 91' lang='lat' dir='ltr'>incipit</span> <span class='ocrx_word' id='word_1_107' title='bbox 1046 2056 1088 2119; x_wconf 90' lang='lat' dir='ltr'>de</span> <span class='ocrx_word' id='word_1_108' title='bbox 1124 2056 1264 2130; x_wconf 82' lang='lat' dir='ltr'>iudiciis,</span> <span class='ocrx_word' id='word_1_109' title='bbox 1296 2045 1392 2138; x_wconf 75' lang='lat' dir='ltr'>quae¹</span> <span class='ocrx_word' id='word_1_110' title='bbox 1416 2058 1524 2120; x_wconf 92' lang='lat' dir='ltr'>modo</span> 
     </span>
     <span class='ocr_line' id='line_1_15' title="bbox 325 2174 1524 2258; baseline 0.002 -22"><span class='ocrx_word' id='word_1_111' title='bbox 325 2193 429 2256; x_wconf 88' lang='lat' dir='ltr'>penes</span> <span class='ocrx_word' id='word_1_112' title='bbox 459 2175 614 2239; x_wconf 89' lang='lat' dir='ltr'>ordinem</span> <span class='ocrx_word' id='word_1_113' title='bbox 647 2174 890 2256; x_wconf 91' lang='lat' dir='ltr'>amplissimum</span> <span class='ocrx_word' id='word_1_114' title='bbox 924 2176 1027 2237; x_wconf 91' lang='lat' dir='ltr'>modo</span> <span class='ocrx_word' id='word_1_115' title='bbox 1059 2195 1163 2258; x_wconf 90' lang='lat' dir='ltr'>penes</span> <span class='ocrx_word' id='word_1_116' title='bbox 1192 2176 1348 2238; x_wconf 91' lang='lat' dir='ltr'>ordinem</span> <span class='ocrx_word' id='word_1_117' title='bbox 1372 2176 1524 2258; x_wconf 88' lang='lat' dir='ltr'>splendi-</span> 
     </span>
    </p>
   </div>
   <div class='ocr_carea' id='block_1_5' title="bbox 325 2291 1621 2369">
    <p class='ocr_par' dir='ltr' id='par_1_5' title="bbox 325 2291 1621 2369">
     <span class='ocr_line' id='line_1_16' title="bbox 325 2291 1621 2369; baseline 0 -11"><span class='ocrx_word' id='word_1_118' title='bbox 325 2294 499 2359; x_wconf 91' lang='lat' dir='ltr'>dissimum</span> <span class='ocrx_word' id='word_1_119' title='bbox 520 2291 665 2357; x_wconf 84' lang='lat' dir='ltr'>suerint?</span> <span class='ocrx_word' id='word_1_120' title='bbox 686 2293 743 2357; x_wconf 90' lang='lat' dir='ltr'>An</span> <span class='ocrx_word' id='word_1_121' title='bbox 763 2295 952 2369; x_wconf 87' lang='lat' dir='ltr'>credamus,</span> <span class='ocrx_word' id='word_1_122' title='bbox 972 2315 1048 2357; x_wconf 93' lang='lat' dir='ltr'>cum</span> <span class='ocrx_word' id='word_1_123' title='bbox 1068 2294 1229 2359; x_wconf 89' lang='lat' dir='ltr'>Claudius</span> <span class='ocrx_word' id='word_1_124' title='bbox 1239 2316 1332 2358; x_wconf 87' lang='lat' dir='ltr'>omne</span> <span class='ocrx_word' id='word_1_125' title='bbox 1342 2296 1396 2358; x_wconf 86' lang='lat' dir='ltr'>ius</span> <span class='ocrx_word' id='word_1_126' title='bbox 1409 2297 1524 2358; x_wconf 91' lang='lat' dir='ltr'>trade·</span> <span class='ocrx_word' id='word_1_127' title='bbox 1620 2325 1621 2330; x_wconf 42' lang='lat'>¹</span> 
     </span>
    </p>
   </div>
   <div class='ocr_carea' id='block_1_6' title="bbox 324 2414 1523 4528">
    <p class='ocr_par' dir='ltr' id='par_1_6' title="bbox 324 2414 1522 2619">
     <span class='ocr_line' id='line_1_17' title="bbox 324 2414 1522 2498; baseline 0.001 -21"><span class='ocrx_word' id='word_1_128' title='bbox 324 2422 375 2478; x_wconf 89' lang='lat' dir='ltr'>ret</span> <span class='ocrx_word' id='word_1_129' title='bbox 399 2414 683 2497; x_wconf 90' lang='lat' dir='ltr'>procuratoribus,</span> <span class='ocrx_word' id='word_1_130' title='bbox 707 2415 810 2477; x_wconf 88' lang='lat' dir='ltr'>etiam</span> <span class='ocrx_word' id='word_1_131' title='bbox 835 2416 1034 2498; x_wconf 86' lang='lat' dir='ltr'>permissum</span> <span class='ocrx_word' id='word_1_132' title='bbox 1056 2416 1095 2477; x_wconf 90' lang='lat' dir='ltr'>iis</span> <span class='ocrx_word' id='word_1_133' title='bbox 1115 2436 1188 2478; x_wconf 90' lang='lat' dir='ltr'>esse</span> <span class='ocrx_word' id='word_1_134' title='bbox 1208 2425 1245 2479; x_wconf 91' lang='lat' dir='ltr'>ut</span> <span class='ocrx_word' id='word_1_135' title='bbox 1265 2417 1308 2478; x_wconf 89' lang='lat' dir='ltr'>de</span> <span class='ocrx_word' id='word_1_136' title='bbox 1331 2418 1522 2492; x_wconf 86' lang='lat' dir='ltr'>maiestate,</span> 
     </span>
     <span class='ocr_line' id='line_1_18' title="bbox 325 2533 1013 2619; baseline -0.003 -21"><span class='ocrx_word' id='word_1_137' title='bbox 325 2536 368 2598; x_wconf 91' lang='lat' dir='ltr'>de</span> <span class='ocrx_word' id='word_1_138' title='bbox 392 2535 590 2619; x_wconf 90' lang='lat' dir='ltr'>repetundis</span> <span class='ocrx_word' id='word_1_139' title='bbox 613 2535 721 2596; x_wconf 91' lang='lat' dir='ltr'>simm.</span> <span class='ocrx_word' id='word_1_140' title='bbox 746 2533 1013 2615; x_wconf 84' lang='lat' dir='ltr'>cognoscerent?</span> 
     </span>
    </p>

    <p class='ocr_par' dir='ltr' id='par_1_7' title="bbox 325 2653 1522 3214">
     <span class='ocr_line' id='line_1_19' title="bbox 369 2653 1521 2734; baseline 0 -16"><span class='ocrx_word' id='word_1_141' title='bbox 369 2655 461 2718; x_wconf 86' lang='lat' dir='ltr'>Anu.</span> <span class='ocrx_word' id='word_1_142' title='bbox 487 2654 565 2730; x_wconf 90' lang='lat' dir='ltr'>XV,</span> <span class='ocrx_word' id='word_1_143' title='bbox 589 2654 643 2733; x_wconf 86' lang='lat'>48.</span> <span class='ocrx_word' id='word_1_144' title='bbox 671 2653 813 2734; x_wconf 87' lang='lat' dir='ltr'>,Ineunt</span> <span class='ocrx_word' id='word_1_145' title='bbox 838 2654 962 2717; x_wconf 91' lang='lat' dir='ltr'>deinde</span> <span class='ocrx_word' id='word_1_146' title='bbox 986 2654 1199 2717; x_wconf 90' lang='lat' dir='ltr'>consulatum</span> <span class='ocrx_word' id='word_1_147' title='bbox 1224 2653 1325 2718; x_wconf 89' lang='lat' dir='ltr'>Silius</span> <span class='ocrx_word' id='word_1_148' title='bbox 1349 2653 1464 2718; x_wconf 89' lang='lat' dir='ltr'>Nerva</span> <span class='ocrx_word' id='word_1_149' title='bbox 1485 2665 1521 2718; x_wconf 89' lang='lat' dir='ltr'>et</span> 
     </span>
     <span class='ocr_line' id='line_1_20' title="bbox 325 2772 1521 2858; baseline 0.001 -21"><span class='ocrx_word' id='word_1_150' title='bbox 325 2773 462 2837; x_wconf 88' lang='lat' dir='ltr'>Atticus</span> <span class='ocrx_word' id='word_1_151' title='bbox 481 2773 653 2847; x_wconf 90' lang='lat' dir='ltr'>Vestinus,</span> <span class='ocrx_word' id='word_1_152' title='bbox 673 2782 797 2854; x_wconf 89' lang='lat' dir='ltr'>coepta</span> <span class='ocrx_word' id='word_1_153' title='bbox 816 2772 915 2835; x_wconf 88' lang='lat' dir='ltr'>simul</span> <span class='ocrx_word' id='word_1_154' title='bbox 933 2782 967 2836; x_wconf 90' lang='lat' dir='ltr'>et</span> <span class='ocrx_word' id='word_1_155' title='bbox 986 2782 1087 2837; x_wconf 89' lang='lat' dir='ltr'>aucta</span> <span class='ocrx_word' id='word_1_156' title='bbox 1104 2776 1347 2851; x_wconf 89' lang='lat' dir='ltr'>coniuratione,</span> <span class='ocrx_word' id='word_1_157' title='bbox 1365 2777 1398 2839; x_wconf 90' lang='lat' dir='ltr'>in</span> <span class='ocrx_word' id='word_1_158' title='bbox 1415 2797 1521 2858; x_wconf 89' lang='lat' dir='ltr'>quam</span> 
     </span>
     <span class='ocr_line' id='line_1_21' title="bbox 325 2893 1521 2976; baseline 0.003 -20"><span class='ocrx_word' id='word_1_159' title='bbox 325 2895 481 2957; x_wconf 89' lang='lat' dir='ltr'>certatim</span> <span class='ocrx_word' id='word_1_160' title='bbox 517 2893 654 2956; x_wconf 88' lang='lat' dir='ltr'>nomina</span> <span class='ocrx_word' id='word_1_161' title='bbox 688 2893 855 2955; x_wconf 89' lang='lat' dir='ltr'>dederant</span> <span class='ocrx_word' id='word_1_162' title='bbox 889 2901 1063 2956; x_wconf 89' lang='lat' dir='ltr'>senatores</span> <span class='ocrx_word' id='word_1_163' title='bbox 1098 2898 1202 2976; x_wconf 83' lang='lat' dir='ltr'>eques</span> <span class='ocrx_word' id='word_1_164' title='bbox 1235 2895 1340 2970; x_wconf 91' lang='lat' dir='ltr'>miles,</span> <span class='ocrx_word' id='word_1_165' title='bbox 1374 2895 1521 2960; x_wconf 81' lang='lat' dir='ltr'>feminae</span> 
     </span>
     <span class='ocr_line' id='line_1_22' title="bbox 325 3011 1522 3088; baseline 0.002 -12"><span class='ocrx_word' id='word_1_166' title='bbox 325 3015 439 3088; x_wconf 90' lang='lat' dir='ltr'>etiam,</span> <span class='ocrx_word' id='word_1_167' title='bbox 465 3033 541 3074; x_wconf 93' lang='lat' dir='ltr'>cum</span> <span class='ocrx_word' id='word_1_168' title='bbox 566 3013 646 3075; x_wconf 88' lang='lat' dir='ltr'>odio</span> <span class='ocrx_word' id='word_1_169' title='bbox 671 3012 827 3086; x_wconf 93' lang='lat' dir='ltr'>Neronis,</span> <span class='ocrx_word' id='word_1_170' title='bbox 852 3020 925 3074; x_wconf 91' lang='lat' dir='ltr'>tum</span> <span class='ocrx_word' id='word_1_171' title='bbox 949 3011 1064 3075; x_wconf 83' lang='lat' dir='ltr'>lavore</span> <span class='ocrx_word' id='word_1_172' title='bbox 1089 3015 1122 3076; x_wconf 90' lang='lat' dir='ltr'>in</span> <span class='ocrx_word' id='word_1_173' title='bbox 1143 3013 1180 3077; x_wconf 90' lang='lat' dir='ltr'>C.</span> <span class='ocrx_word' id='word_1_174' title='bbox 1202 3014 1370 3078; x_wconf 88' lang='lat' dir='ltr'>Pisonem.</span> <span class='ocrx_word' id='word_1_175' title='bbox 1391 3016 1424 3078; x_wconf 91' lang='lat' dir='ltr'>Is</span> <span class='ocrx_word' id='word_1_176' title='bbox 1445 3015 1522 3080; x_wconf 87' lang='lat' dir='ltr'>Cal-</span> 
     </span>
     <span class='ocr_line' id='line_1_23' title="bbox 326 3130 907 3214; baseline 0 -21"><span class='ocrx_word' id='word_1_177' title='bbox 326 3132 448 3214; x_wconf 89' lang='lat' dir='ltr'>purnio</span> <span class='ocrx_word' id='word_1_178' title='bbox 471 3151 594 3212; x_wconf 83' lang='lat' dir='ltr'>genere</span> <span class='ocrx_word' id='word_1_179' title='bbox 619 3139 712 3195; x_wconf 93' lang='lat' dir='ltr'>ortus</span> <span class='ocrx_word' id='word_1_180' title='bbox 736 3152 765 3193; x_wconf 92' lang='lat' dir='ltr'>e.</span> <span class='ocrx_word' id='word_1_181' title='bbox 790 3152 823 3213; x_wconf 96' lang='lat' dir='ltr'>q.</span> <span class='ocrx_word' id='word_1_182' title='bbox 848 3130 907 3194; x_wconf 85' lang='lat' dir='ltr'>s.”.</span> 
     </span>
    </p>

    <p class='ocr_par' dir='ltr' id='par_1_8' title="bbox 324 3250 1521 3691">
     <span class='ocr_line' id='line_1_24' title="bbox 371 3250 1521 3336; baseline 0.003 -23"><span class='ocrx_word' id='word_1_183' title='bbox 371 3251 516 3313; x_wconf 89' lang='lat' dir='ltr'>Narrare</span> <span class='ocrx_word' id='word_1_184' title='bbox 550 3250 604 3312; x_wconf 91' lang='lat' dir='ltr'>hic</span> <span class='ocrx_word' id='word_1_185' title='bbox 639 3252 681 3314; x_wconf 90' lang='lat' dir='ltr'>de</span> <span class='ocrx_word' id='word_1_186' title='bbox 719 3251 839 3314; x_wconf 90' lang='lat' dir='ltr'>Pisone</span> <span class='ocrx_word' id='word_1_187' title='bbox 875 3252 922 3313; x_wconf 90' lang='lat' dir='ltr'>ita</span> <span class='ocrx_word' id='word_1_188' title='bbox 953 3250 1091 3314; x_wconf 92' lang='lat' dir='ltr'>Tacitus</span> <span class='ocrx_word' id='word_1_189' title='bbox 1124 3253 1252 3335; x_wconf 90' lang='lat' dir='ltr'>incipit,</span> <span class='ocrx_word' id='word_1_190' title='bbox 1284 3261 1459 3336; x_wconf 89' lang='lat' dir='ltr'>tamquam</span> <span class='ocrx_word' id='word_1_191' title='bbox 1492 3255 1521 3317; x_wconf 91' lang='lat' dir='ltr'>si</span> 
     </span>
     <span class='ocr_line' id='line_1_25' title="bbox 326 3369 1520 3456; baseline 0.004 -24"><span class='ocrx_word' id='word_1_192' title='bbox 326 3389 498 3452; x_wconf 88' lang='lat' dir='ltr'>nunquam</span> <span class='ocrx_word' id='word_1_193' title='bbox 529 3378 630 3432; x_wconf 88' lang='lat' dir='ltr'>antea</span> <span class='ocrx_word' id='word_1_194' title='bbox 662 3391 739 3433; x_wconf 92' lang='lat' dir='ltr'>eum</span> <span class='ocrx_word' id='word_1_195' title='bbox 772 3372 988 3433; x_wconf 83' lang='lat' dir='ltr'>nominasset.</span> <span class='ocrx_word' id='word_1_196' title='bbox 1016 3369 1066 3433; x_wconf 87' lang='lat' dir='ltr'>At</span> <span class='ocrx_word' id='word_1_197' title='bbox 1091 3373 1289 3448; x_wconf 89' lang='lat' dir='ltr'>nominavit,</span> <span class='ocrx_word' id='word_1_198' title='bbox 1314 3374 1417 3456; x_wconf 91' lang='lat' dir='ltr'>idque</span> <span class='ocrx_word' id='word_1_199' title='bbox 1441 3374 1520 3437; x_wconf 91' lang='lat' dir='ltr'>loco</span> 
     </span>
     <span class='ocr_line' id='line_1_26' title="bbox 324 3488 1521 3576; baseline 0.003 -23"><span class='ocrx_word' id='word_1_200' title='bbox 324 3490 381 3570; x_wconf 92' lang='lat' dir='ltr'>qui</span> <span class='ocrx_word' id='word_1_201' title='bbox 407 3488 612 3552; x_wconf 87' lang='lat' dir='ltr'>confusionis</span> <span class='ocrx_word' id='word_1_202' title='bbox 636 3497 670 3552; x_wconf 91' lang='lat' dir='ltr'>et</span> <span class='ocrx_word' id='word_1_203' title='bbox 694 3490 842 3552; x_wconf 89' lang='lat' dir='ltr'>incuriae</span> <span class='ocrx_word' id='word_1_204' title='bbox 867 3489 986 3572; x_wconf 91' lang='lat' dir='ltr'>plenus</span> <span class='ocrx_word' id='word_1_205' title='bbox 1009 3499 1061 3554; x_wconf 91' lang='lat' dir='ltr'>est</span> <span class='ocrx_word' id='word_1_206' title='bbox 1086 3490 1181 3566; x_wconf 87' lang='lat' dir='ltr'>XIV,</span> <span class='ocrx_word' id='word_1_207' title='bbox 1205 3492 1246 3572; x_wconf 84' lang='lat'>65</span> <span class='ocrx_word' id='word_1_208' title='bbox 1273 3493 1365 3574; x_wconf 84' lang='lat' dir='ltr'>(ergo</span> <span class='ocrx_word' id='word_1_209' title='bbox 1390 3495 1423 3556; x_wconf 89' lang='lat' dir='ltr'>in</span> <span class='ocrx_word' id='word_1_210' title='bbox 1445 3495 1521 3576; x_wconf 89' lang='lat' dir='ltr'>ipsa</span> 
     </span>
     <span class='ocr_line' id='line_1_27' title="bbox 325 3607 689 3691; baseline -0.003 -19"><span class='ocrx_word' id='word_1_211' title='bbox 325 3609 430 3672; x_wconf 89' lang='lat' dir='ltr'>nostri</span> <span class='ocrx_word' id='word_1_212' title='bbox 453 3607 518 3672; x_wconf 92' lang='lat' dir='ltr'>loci</span> <span class='ocrx_word' id='word_1_213' title='bbox 544 3609 689 3691; x_wconf 85' lang='lat' dir='ltr'>vicinia).</span> 
     </span>
    </p>

    <p class='ocr_par' dir='ltr' id='par_1_9' title="bbox 324 3719 1521 4292">
     <span class='ocr_line' id='line_1_28' title="bbox 368 3719 1518 3814; baseline 0.003 -21"><span class='ocrx_word' id='word_1_214' title='bbox 368 3729 505 3812; x_wconf 87' lang='lat' dir='ltr'>(Agitur</span> <span class='ocrx_word' id='word_1_215' title='bbox 528 3730 571 3792; x_wconf 91' lang='lat' dir='ltr'>de</span> <span class='ocrx_word' id='word_1_216' title='bbox 596 3719 743 3792; x_wconf 86' lang='lat' dir='ltr'>Neronis</span> <span class='ocrx_word' id='word_1_217' title='bbox 765 3728 905 3804; x_wconf 92' lang='lat' dir='ltr'>libertis,</span> <span class='ocrx_word' id='word_1_218' title='bbox 927 3750 1012 3812; x_wconf 91' lang='lat' dir='ltr'>quos</span> <span class='ocrx_word' id='word_1_219' title='bbox 1034 3729 1088 3792; x_wconf 93' lang='lat' dir='ltr'>ille</span> <span class='ocrx_word' id='word_1_220' title='bbox 1108 3732 1230 3793; x_wconf 91' lang='lat' dir='ltr'>eodem</span> <span class='ocrx_word' id='word_1_221' title='bbox 1250 3752 1340 3795; x_wconf 92' lang='lat' dir='ltr'>anno</span> <span class='ocrx_word' id='word_1_222' title='bbox 1364 3753 1518 3814; x_wconf 85' lang='lat' dir='ltr'>,veneno</span> 
     </span>
     <span class='ocr_line' id='line_1_29' title="bbox 324 3847 1519 3932; baseline 0.004 -21"><span class='ocrx_word' id='word_1_223' title='bbox 324 3849 530 3912; x_wconf 87' lang='lat' dir='ltr'>interfecisse</span> <span class='ocrx_word' id='word_1_224' title='bbox 562 3847 743 3924; x_wconf 87' lang='lat' dir='ltr'>creditus’‘,</span> <span class='ocrx_word' id='word_1_225' title='bbox 768 3869 785 3912; x_wconf 91' lang='lat' dir='ltr'>e</span> <span class='ocrx_word' id='word_1_226' title='bbox 811 3850 945 3932; x_wconf 79' lang='lat' dir='ltr'>quibus)</span> <span class='ocrx_word' id='word_1_227' title='bbox 981 3849 1176 3930; x_wconf 88' lang='lat' dir='ltr'>,Romanus</span> <span class='ocrx_word' id='word_1_228' title='bbox 1202 3852 1340 3914; x_wconf 90' lang='lat' dir='ltr'>secretis</span> <span class='ocrx_word' id='word_1_229' title='bbox 1364 3853 1519 3917; x_wconf 89' lang='lat' dir='ltr'>crimina-</span> 
     </span>
     <span class='ocr_line' id='line_1_30' title="bbox 324 3968 1519 4046; baseline 0.003 -14"><span class='ocrx_word' id='word_1_230' title='bbox 324 3969 472 4032; x_wconf 89' lang='lat' dir='ltr'>tionibus</span> <span class='ocrx_word' id='word_1_231' title='bbox 495 3970 708 4032; x_wconf 88' lang='lat' dir='ltr'>incusaverat</span> <span class='ocrx_word' id='word_1_232' title='bbox 732 3968 898 4033; x_wconf 88' lang='lat' dir='ltr'>Senecam</span> <span class='ocrx_word' id='word_1_233' title='bbox 924 3978 959 4032; x_wconf 90' lang='lat' dir='ltr'>ut</span> <span class='ocrx_word' id='word_1_234' title='bbox 980 3968 1017 4033; x_wconf 93' lang='lat' dir='ltr'>C.</span> <span class='ocrx_word' id='word_1_235' title='bbox 1040 3969 1170 4032; x_wconf 89' lang='lat' dir='ltr'>Pisonis</span> <span class='ocrx_word' id='word_1_236' title='bbox 1189 3971 1336 4046; x_wconf 91' lang='lat' dir='ltr'>socium;</span> <span class='ocrx_word' id='word_1_237' title='bbox 1357 3973 1417 4034; x_wconf 89' lang='lat' dir='ltr'>sed</span> <span class='ocrx_word' id='word_1_238' title='bbox 1438 3973 1519 4035; x_wconf 89' lang='lat' dir='ltr'>vali·</span> 
     </span>
     <span class='ocr_line' id='line_1_31' title="bbox 325 4086 1521 4171; baseline 0.003 -19"><span class='ocrx_word' id='word_1_239' title='bbox 325 4089 399 4152; x_wconf 91' lang='lat' dir='ltr'>dius</span> <span class='ocrx_word' id='word_1_240' title='bbox 418 4109 438 4152; x_wconf 93' lang='lat' dir='ltr'>a</span> <span class='ocrx_word' id='word_1_241' title='bbox 458 4086 588 4150; x_wconf 89' lang='lat' dir='ltr'>Seneca</span> <span class='ocrx_word' id='word_1_242' title='bbox 608 4089 731 4151; x_wconf 92' lang='lat' dir='ltr'>eodem</span> <span class='ocrx_word' id='word_1_243' title='bbox 752 4090 891 4152; x_wconf 91' lang='lat' dir='ltr'>crimine</span> <span class='ocrx_word' id='word_1_244' title='bbox 911 4088 1084 4171; x_wconf 91' lang='lat' dir='ltr'>perculsus</span> <span class='ocrx_word' id='word_1_245' title='bbox 1100 4097 1161 4151; x_wconf 93' lang='lat' dir='ltr'>est.</span> <span class='ocrx_word' id='word_1_246' title='bbox 1176 4088 1277 4153; x_wconf 92' lang='lat' dir='ltr'>Unde</span> <span class='ocrx_word' id='word_1_247' title='bbox 1292 4090 1403 4154; x_wconf 90' lang='lat' dir='ltr'>Pisoni</span> <span class='ocrx_word' id='word_1_248' title='bbox 1417 4091 1521 4155; x_wconf 93' lang='lat' dir='ltr'>timor</span> 
     </span>
     <span class='ocr_line' id='line_1_32' title="bbox 324 4206 1520 4292; baseline 0.001 -21"><span class='ocrx_word' id='word_1_249' title='bbox 324 4220 358 4272; x_wconf 87' lang='lat' dir='ltr'>et</span> <span class='ocrx_word' id='word_1_250' title='bbox 383 4217 457 4270; x_wconf 90' lang='lat' dir='ltr'>orta</span> <span class='ocrx_word' id='word_1_251' title='bbox 482 4206 675 4268; x_wconf 90' lang='lat' dir='ltr'>insidiarum</span> <span class='ocrx_word' id='word_1_252' title='bbox 700 4208 733 4270; x_wconf 89' lang='lat' dir='ltr'>in</span> <span class='ocrx_word' id='word_1_253' title='bbox 760 4208 931 4272; x_wconf 88' lang='lat' dir='ltr'>Neronem</span> <span class='ocrx_word' id='word_1_254' title='bbox 953 4227 1075 4290; x_wconf 85' lang='lat' dir='ltr'>magna</span> <span class='ocrx_word' id='word_1_255' title='bbox 1096 4206 1202 4270; x_wconf 91' lang='lat' dir='ltr'>moles</span> <span class='ocrx_word' id='word_1_256' title='bbox 1222 4217 1255 4270; x_wconf 94' lang='lat' dir='ltr'>et</span> <span class='ocrx_word' id='word_1_257' title='bbox 1277 4209 1520 4292; x_wconf 90' lang='lat' dir='ltr'>improspera”.</span> 
     </span>
    </p>

    <p class='ocr_par' dir='ltr' id='par_1_10' title="bbox 325 4325 1523 4528">
     <span class='ocr_line' id='line_1_33' title="bbox 371 4325 1521 4409; baseline 0 -19"><span class='ocrx_word' id='word_1_258' title='bbox 371 4327 463 4408; x_wconf 84' lang='lat' dir='ltr'>Ergo</span> <span class='ocrx_word' id='word_1_259' title='bbox 495 4327 561 4386; x_wconf 89' lang='lat' dir='ltr'>iam</span> <span class='ocrx_word' id='word_1_260' title='bbox 585 4343 615 4386; x_wconf 88' lang='lat' dir='ltr'>a.</span> <span class='ocrx_word' id='word_1_261' title='bbox 640 4325 681 4387; x_wconf 90' lang='lat'>62</span> <span class='ocrx_word' id='word_1_262' title='bbox 707 4326 837 4391; x_wconf 89' lang='lat' dir='ltr'>Pisonis</span> <span class='ocrx_word' id='word_1_263' title='bbox 866 4329 995 4392; x_wconf 89' lang='lat' dir='ltr'>socium</span> <span class='ocrx_word' id='word_1_264' title='bbox 1023 4327 1089 4392; x_wconf 90' lang='lat' dir='ltr'>dici</span> <span class='ocrx_word' id='word_1_265' title='bbox 1114 4326 1259 4409; x_wconf 87' lang='lat' dir='ltr'>capitale</span> <span class='ocrx_word' id='word_1_266' title='bbox 1283 4328 1411 4390; x_wconf 90' lang='lat' dir='ltr'>crimen</span> <span class='ocrx_word' id='word_1_267' title='bbox 1436 4336 1521 4391; x_wconf 89' lang='lat' dir='ltr'>erat.</span> 
     </span>
     <span class='ocr_line' id='line_1_34' title="bbox 325 4442 1523 4528; baseline 0.005 -21"><span class='ocrx_word' id='word_1_268' title='bbox 325 4445 416 4527; x_wconf 87' lang='lat' dir='ltr'>Quid</span> <span class='ocrx_word' id='word_1_269' title='bbox 435 4443 560 4506; x_wconf 88' lang='lat' dir='ltr'>fecerat</span> <span class='ocrx_word' id='word_1_270' title='bbox 579 4442 674 4506; x_wconf 87' lang='lat' dir='ltr'>Piso?</span> <span class='ocrx_word' id='word_1_271' title='bbox 696 4444 786 4525; x_wconf 87' lang='lat' dir='ltr'>,Iam</span> <span class='ocrx_word' id='word_1_272' title='bbox 806 4447 901 4510; x_wconf 91' lang='lat' dir='ltr'>tum”</span> <span class='ocrx_word' id='word_1_273' title='bbox 919 4448 981 4510; x_wconf 85' lang='lat' dir='ltr'>viri</span> <span class='ocrx_word' id='word_1_274' title='bbox 1000 4447 1093 4510; x_wconf 93' lang='lat' dir='ltr'>docti</span> <span class='ocrx_word' id='word_1_275' title='bbox 1110 4446 1204 4509; x_wconf 89' lang='lat' dir='ltr'>aiunt</span> <span class='ocrx_word' id='word_1_276' title='bbox 1221 4456 1368 4528; x_wconf 86' lang='lat' dir='ltr'>,secreta</span> <span class='ocrx_word' id='word_1_277' title='bbox 1381 4446 1523 4514; x_wconf 86' lang='lat' dir='ltr'>fovebat</span> 
     </span>
    </p>
   </div>
   <div class='ocr_carea' id='block_1_7' title="bbox 0 0 1643 5238">
    <p class='ocr_par' dir='ltr' id='par_1_11' title="bbox 0 0 1643 5238">
     <span class='ocr_line' id='line_1_35' title="bbox 0 0 1643 5238; baseline 0 0"><span class='ocrx_word' id='word_1_278' title='bbox 0 0 1643 5238; x_wconf 95' lang='lat' dir='ltr'> </span> 
     </span>
    </p>
   </div>
  </div>
 </body>
</html>
