3248 5230
899 425 963 492 ²50

339 590 447 654 nullos
471 589 571 654 fuisse
591 592 721 675 opinor,
742 592 801 654 sed
822 600 1007 674 potuerunt
1026 593 1194 674 quaedam
1215 593 1258 656 de
1277 614 1318 656 ea
1338 615 1373 657 re
1391 595 1529 658 tradere

337 711 529 792 scriptores,
554 711 676 792 quibus
700 712 893 776 auctoribus
917 734 995 776 usus
1019 721 1070 776 est
1090 712 1238 776 Tacitus.
1253 713 1412 778 Fortasse
1426 717 1532 778 etiam

337 849 423 892 unus
457 837 492 891 et
527 829 621 905 alter,
659 831 716 912 qui
752 829 886 913 publice
921 833 966 895 ad
997 832 1095 894 sedes
1129 830 1266 894 exulum
1301 833 1534 915 inspiciendas

338 949 458 1011 missus
473 957 571 1024 erat,
603 950 646 1011 de
677 948 784 1013 Suillii
816 950 908 1013 victu
941 950 1032 1014 molli
1054 951 1209 1014 nuntium
1233 951 1412 1016 referebat.
1437 952 1534 1033 Ergo

339 1075 398 1131 aut
414 1069 604 1151 fertur...
626 1068 817 1133 toleravisse
837 1069 1018 1151 legendum
1038 1080 1098 1146 est,
1119 1080 1188 1146 aut,
1202 1072 1293 1154 quod
1307 1072 1415 1153 magis
1427 1071 1535 1134 etiam

337 1185 467 1270 placet:
484 1187 666 1271 ferebatur
680 1236 687 1250 .
702 1236 710 1251 .
725 1236 732 1250 .
757 1187 911 1253 tolerare.

383 1425 427 1488 A.
461 1426 561 1501 XIII,
588 1441 639 1510 57.
665 1427 813 1510 Ignibus,
838 1435 928 1491 terra
950 1427 1060 1505 editis,
1084 1435 1154 1491 tam
1178 1428 1399 1491 vehementer
1423 1427 1535 1492 Ubio-

341 1565 414 1607 rum
443 1545 640 1609 vastabatur
663 1554 763 1622 terra,
787 1553 825 1609 ut
847 1567 957 1629 neque
981 1547 1015 1610 in
1040 1547 1204 1611 imbribus
1228 1567 1338 1628 neque
1361 1547 1397 1609 in
1420 1545 1536 1610 fluviis

338 1663 525 1745 quidquam
548 1674 637 1728 esset
660 1666 818 1729 subsidii:

387 1784 515 1863 ,donec
539 1784 654 1867 inopia
679 1784 820 1848 remedii
845 1791 880 1847 et
898 1786 947 1848 ira
966 1783 1072 1848 cladis
1084 1792 1234 1867 agrestes
1247 1784 1386 1867 quidam
1399 1784 1537 1846 eminus

273 1943 280 1956 ·
338 1922 420 1966 saxa
443 1904 563 1980 iacere,
588 1903 667 1967 dein
690 1903 925 1966 resistentibus
948 1902 1092 1967 flammis
1111 1903 1250 1986 propius
1273 1902 1441 1984 suggressi
1463 1902 1536 1965 ictu

340 2020 477 2084 fustium
501 2021 641 2103 aliisque
666 2023 863 2086 verberibus
884 2031 921 2085 ut
945 2022 1030 2086 feras
1052 2021 1321 2086 absterrebant.”

383 2139 418 2205 Si
444 2139 599 2204 flammae
620 2143 788 2217 resistunt,
812 2149 956 2224 apparet
975 2141 1086 2204 irritos
1110 2140 1210 2204 fuisse
1235 2148 1376 2204 conatus
1399 2138 1537 2221 lapides

338 2260 550 2324 iacientium:
576 2261 731 2324 resistere
754 2261 844 2322 enim
868 2269 919 2323 est
946 2259 1041 2340 „loco
1065 2281 1100 2322 se
1124 2279 1186 2323 suo
1210 2279 1278 2322 non
1303 2257 1463 2322 movere''
1493 2259 1537 2322 ci.

338 2379 434 2454 XIII,
454 2380 491 2442 6:
520 2379 719 2462 „diffugiunt
743 2379 992 2461 imprudentes:
1013 2387 1049 2442 at
1069 2379 1190 2461 quibus
1207 2377 1308 2442 altior
1326 2377 1535 2454 intellectus,

340 2499 500 2562 resistunt
531 2498 668 2562 defixi.”
701 2499 822 2581 Neque
853 2501 1011 2582 opposita
1042 2499 1130 2561 inter
1153 2518 1189 2560 se
1213 2507 1291 2562 sunt
1315 2499 1473 2562 resistere
1497 2508 1535 2561 et

333 2619 508 2701 progredi,
540 2620 601 2682 sed
632 2620 787 2683 resistere
808 2627 844 2681 et
868 2638 908 2681 ea
931 2619 1046 2694 verba,
1071 2638 1158 2700 quae
1186 2627 1432 2699 „retroversum
1458 2617 1535 2680 ire”

336 2737 538 2819 significant.
569 2738 616 2801 Et
647 2739 710 2802 nisi
736 2737 817 2801 illud
847 2738 957 2821 ipsum
981 2738 1138 2801 fecissent
1165 2737 1331 2812 flammae,
1362 2745 1399 2800 ut
1424 2747 1537 2800 retro·

336 2877 471 2920 versum
491 2858 588 2932 irent,
610 2877 783 2940 nunquam
803 2858 942 2940 propius
961 2857 1124 2920 accedere
1144 2857 1335 2939 potuissent
1347 2856 1536 2938 agricolae,

336 2976 395 3038 sed
429 2976 583 3039 ardorem
617 2977 764 3038 vitantes
795 2995 929 3058 semper
961 2977 1082 3039 eodem
1114 2976 1315 3038 mansissent
1338 2975 1537 3039 intervallo.

337 3095 476 3158 Prorsus
506 3095 712 3157 contrarium
744 3115 826 3177 ergo
855 3094 910 3157 hie
937 3095 1119 3176 requiritur
1143 3114 1245 3176 quam
1269 3080 1367 3175 quod
1386 3101 1438 3155 est
1465 3103 1537 3156 tra-

337 3213 457 3288 ditum,
480 3211 731 3295 legendumque
754 3214 974 3278 recedentibus
997 3212 1051 3277 vel
1074 3212 1299 3277 residentibus.

383 3450 427 3514 A.
452 3451 549 3532 XIV,
573 3451 604 3514 6.
636 3451 829 3534 Agrippina
850 3452 986 3515 insidias
1010 3451 1073 3515 sibi
1096 3473 1116 3514 a
1140 3449 1209 3513 filio
1233 3456 1379 3512 structas
1402 3451 1539 3524 evadit,

337 3590 405 3634 uno
430 3577 544 3633 tamen
569 3579 713 3653 accepto
738 3570 875 3632 vulnere
897 3570 987 3652 (narn
1007 3590 1043 3632 se
1063 3588 1126 3653 pro
1146 3568 1202 3632 illa
1221 3566 1364 3631 interfici
1386 3569 1539 3631 anautis

336 3710 436 3772 passa
459 3697 511 3752 est
535 3689 736 3771 Acerronia)
760 3695 863 3771 atque
887 3689 920 3752 in
945 3687 1060 3751 villam
1083 3708 1178 3752 suam
1201 3687 1359 3762 infertur;

385 3809 471 3889 ,illic
492 3817 652 3892 reputans
673 3809 751 3872 ideo
771 3829 806 3872 se
831 3807 1005 3871 fallacibus
1029 3807 1151 3870 litteris
1174 3808 1318 3870 accitam
1342 3814 1376 3868 et
1400 3806 1538 3871 honore

337 3929 520 4010 praecipuo
556 3928 774 3991 habitam...
809 3927 994 3990 observans
1028 3928 1132 3989 etiarn
1159 3924 1368 3988 Acerroniae
1399 3945 1539 4002 necem,

336 4047 435 4110 simul
470 4067 566 4110 suurn
602 4047 721 4110 vulnus
757 4047 933 4129 aspiciens
968 4047 1077 4110 solum
1113 4046 1309 4108 Insidiarum
1342 4044 1538 4108 remedium

336 4185 420 4241 esse,
433 4167 460 4228 si
474 4184 541 4228 non
554 4164 847 4246 intellegerentur;
862 4166 1020 4248 misitque
1033 4166 1192 4229 libertum
1202 4164 1391 4245 Agerinum
1401 4184 1430 4226 e.
1440 4184 1477 4246 q.
1488 4165 1539 4227 s.”

382 4283 486 4345 Hiare
521 4283 618 4345 huius
651 4283 716 4346 loci
740 4293 942 4347 structuram
968 4284 1096 4347 dudum
1121 4291 1172 4345 est
1197 4281 1426 4356 intellectum;
1452 4303 1540 4366 ergo

335 4411 413 4486 post
444 4401 711 4487 intellegerentur
743 4403 809 4486 (vel
842 4413 920 4488 post
950 4403 1028 4487 esse)
1053 4401 1108 4466 alii
1133 4399 1200 4467 alia
1223 4402 1434 4465 Inseruerunt
1462 4403 1539 4485 (pu-
