3266 5238
682 445 741 508 143

109 607 244 670 Rubrio
275 607 405 670 crimini
437 607 584 671 dabatur
614 604 779 669 violatum
806 603 953 687 periurio
977 625 1101 668 numen
1126 604 1306 687 Augusti.”

155 726 266 789 Vides
286 726 377 808 quod
398 727 442 788 sit
463 745 589 788 novum
610 723 691 787 illud
712 743 835 806 genus;
849 723 1016 787 famosum
1029 723 1110 787 illud
1124 725 1307 789 maiestatis

106 845 240 909 crimen
263 855 345 908 tunc
368 845 402 908 in
423 843 667 926 rempublicam
687 843 903 908 introducere
923 843 1063 927 quidam
1083 844 1196 908 conati
1216 851 1305 922 sunt,

105 967 204 1048 quod
236 973 356 1047 postea
387 973 440 1027 tot
470 965 631 1040 insontes,
665 964 796 1028 nobiles
826 972 930 1046 atque
962 962 1128 1047 ignobiles
1156 985 1305 1048 pessum·

105 1087 219 1150 dedit.
243 1085 333 1168 Quid
359 1106 440 1149 vero
464 1085 630 1162 TiberiuS,
653 1086 791 1168 cognita
816 1106 904 1150 nova
924 1085 1130 1162 adulatione,
1152 1106 1219 1168 qua
1239 1085 1306 1148 cal·

104 1206 169 1270 lidi
202 1205 356 1269 homines
388 1214 568 1290 quaestum
598 1205 661 1270 sibi
692 1205 868 1270 instituere
899 1205 1013 1270 conati
1039 1204 1138 1270 sunt?
1162 1205 1304 1288 Scripsit

104 1325 322 1390 consulibus:

159 1446 257 1526 ,Non
289 1447 367 1510 ideo
397 1447 573 1509 decretum
604 1445 691 1528 patri
722 1465 784 1508 suo
815 1444 955 1522 caelum,
988 1453 1024 1508 ut
1057 1443 1091 1508 in
1116 1444 1301 1528 perniciem

104 1567 236 1629 civium
260 1566 287 1628 is
310 1566 419 1630 honor
443 1573 640 1630 verteretur.
665 1564 817 1629 Cassium
841 1563 1040 1629 histrionem
1060 1564 1196 1629 solitum
1217 1566 1304 1629 inter

103 1686 195 1750 alios
218 1686 370 1750 eiusdem
394 1685 475 1748 artis
498 1684 660 1748 interesse
684 1683 781 1760 ludis,
807 1703 892 1765 quos
916 1692 1024 1747 mater
1043 1703 1103 1747 sua
1123 1685 1156 1747 in
1177 1705 1305 1747 memo·

105 1805 195 1867 riam
231 1804 378 1886 Augusti
413 1812 593 1879 sacrasset;
631 1824 694 1867 nec
729 1812 848 1866 contra
882 1803 1062 1886 religiones
1097 1802 1180 1880 fieri,
1211 1805 1303 1885 quod

105 1924 241 2006 effigies
271 1925 352 1999 eius,
383 1932 420 1987 ut
448 1923 513 1987 alia
538 1924 713 1987 numinum
737 1922 924 1998 simulacra,
950 1922 1204 1986 venditionibus
1228 1922 1304 1987 bor·

104 2054 223 2106 torum
252 2052 287 2106 et
310 2044 474 2106 domuum
498 2044 674 2106 accedant.
699 2043 935 2105 Iusiurandum
959 2043 1101 2124 perinde
1125 2043 1305 2107 aestiman-

105 2164 204 2238 dum,
235 2182 338 2243 quam
366 2163 392 2224 si
417 2163 535 2225 Iovem
559 2161 745 2225 fefellisset:
770 2164 912 2225 deorum
935 2162 1072 2224 iniurias
1096 2163 1147 2226 dis
1171 2161 1303 2226 curae.”

155 2281 314 2345 Potuitne
338 2281 526 2363 quidquam
550 2281 604 2344 vel
628 2282 760 2364 optimo
784 2282 989 2363 imperatore
1009 2282 1144 2365 dignius
1164 2302 1302 2365 respon·

106 2403 194 2477 deri,
217 2402 404 2483 quidquam
424 2403 619 2484 sapientius,
639 2402 850 2477 clementius,
872 2401 995 2476 mitius,
1016 2402 1203 2483 quidquam
1223 2422 1302 2465 con·

104 2522 254 2585 stantius
285 2522 445 2584 adversus
477 2519 551 2583 illos
576 2521 727 2584 omnium
751 2521 991 2603 imperantium
1016 2541 1114 2584 veros
1138 2521 1302 2596 inimicos,

105 2642 167 2722 qui
200 2659 258 2702 eos
284 2639 426 2701 abiectis
450 2637 712 2714 adulationibus,
737 2641 818 2704 dum
842 2637 997 2702 attollere
1022 2639 1190 2714 videntur,
1215 2638 1303 2703 ultro

104 2762 141 2823 in
168 2779 332 2843 praeceps
356 2757 511 2841 rapiunt?
536 2757 665 2840 Quodsi
689 2767 763 2822 tota
787 2759 870 2822 haec
895 2759 1039 2842 epistola
1063 2761 1303 2823 tantummodo

104 2883 317 2945 documento
352 2888 450 2954 esset,
485 2887 613 2961 quanta
643 2878 770 2942 Tiberii
803 2878 944 2941 vixdum
976 2879 1155 2962 imperium
1186 2879 1303 2961 adepti

104 3001 226 3065 suisset
247 3001 438 3083 prudentia,
458 3018 629 3082 quamque
648 2997 813 3080 sagaciter
834 2998 915 3080 quid
934 2998 999 3061 sibi
1020 2999 1196 3061 vitandum
1214 3007 1303 3061 esset

103 3121 348 3205 perspexisset,
379 3128 495 3182 tamen
528 3118 581 3182 vel
614 3119 678 3181 hoc
710 3117 848 3181 nomine
881 3137 1089 3201 magnopere
1120 3127 1209 3182 esset
1233 3117 1302 3182 lau·

104 3242 233 3304 danda.
266 3239 356 3322 Quid
390 3259 471 3301 vero
503 3235 662 3302 Tacitus?
693 3235 728 3300 Si
757 3236 840 3300 haec
866 3237 1113 3320 praemisisset:
1138 3237 1204 3302 hoc
1228 3259 1304 3301 nar-

104 3361 249 3426 rationis
272 3380 352 3423 suae
377 3378 450 3422 esse
475 3357 652 3420 consilium

157 3488 213 3560 „ut
245 3480 368 3562 quibus
391 3479 494 3541 initiis
516 3477 752 3560 gravissimum
775 3477 918 3539 exitium
943 3477 1123 3560 irrepserit,
1149 3478 1228 3542 dein
1253 3497 1303 3540 re·

104 3618 261 3684 pressum
286 3598 339 3673 sit,
364 3606 537 3680 postremo
557 3597 675 3659 arserit
694 3604 885 3678 cunctaque
905 3597 1103 3678 corripuerit
1122 3594 1302 3658 noscatur’'

104 3719 285 3802 aptissimo
305 3738 381 3781 eam
401 3724 599 3781 exornasset
619 3715 804 3799 prooemio.
827 3714 927 3777 Nunc
945 3734 1026 3776 vero
1045 3733 1112 3776 non
1129 3712 1213 3776 haec
1229 3713 1301 3776 sola

104 3839 253 3922 scripsit,
285 3838 343 3900 sed
377 3844 455 3919 post
486 3837 592 3901 initiis
621 3835 760 3900 inseruit
788 3834 891 3896 etiam
914 3843 1038 3914 quanta
1067 3832 1194 3896 Tiberii
1214 3845 1299 3908 arte,

105 3967 142 4022 et
174 3957 222 4019 sic
254 3955 400 4039 primum
430 3956 503 4039 ipse
531 3956 596 4019 sibi
620 3953 824 4036 obloquitur,
850 3971 928 4014 nam
952 3950 1045 4015 nullo
1069 3952 1173 4015 modo
1197 3953 1301 4016 verba

105 4089 298 4160 repressum
328 4075 374 4140 sit
404 4083 439 4138 et
468 4088 593 4158 quanta
621 4073 747 4139 Tiberii
767 4084 838 4137 arte
861 4072 948 4134 inter
970 4091 1006 4134 se
1030 4073 1202 4136 conciliari
1226 4092 1302 4155 pos·

104 4204 203 4260 sunt:
222 4196 383 4279 repressit
400 4195 491 4259 haud
512 4196 615 4259 dubie
635 4196 669 4258 in
690 4191 880 4277 praesentia
892 4192 1066 4255 exitiabile
1078 4192 1160 4256 illud
1175 4191 1299 4255 malum

103 4315 274 4390 Tiberius,
306 4316 399 4397 quod
431 4336 499 4380 non
531 4317 619 4380 artis
649 4315 680 4397 (i.
706 4335 735 4377 e.
767 4312 892 4376 fraudis
922 4321 1025 4393 atque
1051 4311 1212 4396 fallaciae)
1239 4321 1300 4388 est,

101 4437 165 4500 sed
191 4411 346 4516 egregiae
370 4436 572 4517 prudentiae
597 4453 756 4516 magnum
777 4452 796 4495 a
818 4431 991 4515 republica
1009 4433 1195 4495 avertentis
1215 4433 1302 4516 peri·
