3258 5240
890 377 930 422 22

316 543 408 625 quod
429 551 544 606 tamen
566 542 683 625 proavi
700 542 941 604 Demosthenis
954 551 1024 605 tam
1038 563 1138 624 aegre
1150 540 1299 618 tulerint,
1313 563 1354 605 eo
1363 543 1512 626 gravior

316 663 352 724 fit
377 683 476 724 causa
500 681 558 724 cur
582 660 735 723 hodierni
757 659 985 724 Athenienses
1004 660 1169 724 hodierno
1188 661 1259 744 regi
1282 661 1511 724 Macedonum

316 782 412 844 irasci
445 782 593 844 debeant
623 781 808 843 amicitiam
840 801 957 844 eorum
989 783 1131 865 petenti.
1159 781 1208 844 At
1232 782 1378 864 logicam
1400 790 1511 844 artem

317 921 426 982 neque
450 901 523 982 ipse
547 908 640 962 curat
666 899 915 962 Demosthenes
940 920 1049 982 neque
1070 908 1263 963 curaturum
1284 908 1382 982 putat
1402 921 1512 982 popu-

316 1019 386 1082 lum
421 1039 523 1100 quem
553 1016 746 1100 alloquitur.
779 1019 828 1082 Ut
859 1018 949 1081 enim
981 1027 1033 1081 est
1064 1019 1204 1082 callidus
1236 1039 1365 1100 usuque
1389 1019 1514 1082 doctus

317 1139 506 1201 animorum
531 1137 743 1219 popularium
769 1137 881 1212 iudex,
906 1137 1001 1200 novit
1024 1157 1059 1200 se
1084 1159 1125 1200 eo
1145 1159 1213 1220 quo
1233 1139 1363 1213 tendat,
1385 1158 1513 1220 nempe

318 1265 354 1319 ut
378 1256 607 1319 Athenienses
632 1257 664 1318 in
689 1256 883 1339 Philippum
907 1256 1077 1332 incendat,
1102 1257 1231 1340 optime
1257 1264 1513 1339 perventurum,

317 1378 344 1438 si
376 1397 479 1459 quam
511 1375 655 1459 plurima
685 1376 822 1458 colligat
853 1376 1019 1440 vocabula
1049 1377 1118 1440 irae
1149 1377 1182 1439 in
1208 1377 1415 1441 Macedones
1440 1397 1515 1439 mo·

317 1498 449 1560 vendae
473 1495 586 1579 apta'’.

365 1617 545 1699 Equidem,
566 1636 608 1678 ne
629 1617 710 1698 quid
732 1615 950 1690 dissimulem,
972 1615 1116 1679 Pollium
1136 1616 1379 1678 Demosthenis
1397 1603 1515 1679 locum

318 1736 438 1799 leviter
468 1737 650 1799 detorsisse
682 1744 766 1818 puto
798 1756 866 1817 quo
897 1755 958 1798 suo
986 1735 1082 1798 fieret
1106 1736 1282 1818 proposito
1306 1735 1427 1818 aptior,
1450 1737 1516 1798 scd

319 1855 416 1918 facile
448 1855 512 1918 hoc
543 1855 690 1930 ferimus,
720 1855 881 1937 quoniam
904 1855 951 1917 sic
976 1875 1094 1918 revera
1117 1855 1163 1918 illi
1187 1855 1381 1938 aptissimus
1404 1855 1518 1918 factus

320 1983 380 2050 est,
413 1983 448 2037 et
471 1974 631 2056 quoniam
657 1975 729 2056 ipsa
752 1994 814 2049 res,
840 1994 942 2055 quam
967 1974 1091 2038 Pollius
1116 1976 1227 2050 docet,
1251 1985 1304 2038 est
1327 1975 1518 2038 verissima,

320 2095 359 2157 In
391 2094 592 2176 quotidiano
622 2113 787 2169 sermone,
820 2094 847 2156 si
879 2093 900 2156 ii
933 2114 1019 2175 quos
1046 2093 1248 2176 alloquimur
1270 2094 1384 2176 aliquo
1409 2097 1518 2158 modo

320 2221 398 2276 sunt
429 2213 607 2288 afficiendi,
639 2233 741 2295 saepe
772 2233 874 2294 quam
907 2212 1050 2295 plurima
1074 2213 1239 2277 vocabula
1262 2234 1518 2289 coacervamus

321 2353 408 2414 quae
431 2332 477 2394 illi
502 2332 637 2395 affectui
661 2341 740 2394 sunt
762 2341 919 2414 cognata,
943 2333 1160 2395 immemores
1183 2333 1230 2395 sic
1252 2352 1314 2395 nos
1334 2353 1435 2415 saepe
1456 2334 1518 2396 de·

321 2452 576 2515 monstrationis
611 2460 745 2514 nostrae
781 2452 850 2514 vim
886 2450 1074 2514 debilitare.
1112 2452 1212 2514 Dabo
1244 2452 1440 2534 exemplum
1471 2473 1519 2515 ex

321 2573 393 2655 ipsa
425 2573 493 2634 vita
523 2573 830 2654 sumptum,'quod
860 2573 995 2654 egregie
1025 2573 1224 2654 popularem
1248 2572 1341 2636 illum
1366 2593 1518 2636 errorem

321 2693 412 2774 (nam
445 2712 536 2754 error
560 2692 734 2754 vocandus
757 2700 809 2754 est
832 2691 860 2754 si
884 2691 1010 2774 logices
1034 2691 1200 2754 habemus
1223 2693 1401 2776 rationem)
1427 2693 1518 2756 illus·

320 2820 409 2874 trare
430 2812 594 2874 videatur.
616 2811 688 2873 Nos
708 2812 734 2873 si
755 2811 867 2874 dicere
888 2811 1043 2874 volumus
1063 2811 1236 2874 hominem
1257 2812 1405 2893 aliquem
1417 2813 1519 2875 lenis-

322 2931 444 2991 simum
476 2950 548 2992 esse
580 2929 873 3012 mitissimumque,
905 2951 1007 3013 saepe
1035 2931 1082 2993 si'c
1107 2932 1149 2993 de
1174 2951 1215 2993 eo
1240 2931 1425 3013 loquimur:
1454 2953 1518 3011 ,ne

322 3069 463 3131 puerum
484 3049 622 3130 quidem
644 3049 777 3112 laeserit
795 3049 871 3112 ille”
887 3049 940 3112 vel
957 3070 1017 3129 ,ne
1030 3048 1174 3132 gallinae
1188 3051 1326 3133 quidem
1340 3051 1518 3114 nocuerit”

322 3169 376 3231 vel
411 3190 472 3248 ,ne
504 3189 653 3231 muscam
685 3168 823 3249 quidem
855 3166 1050 3230 occiderit'’.
1079 3169 1213 3234 Revera
1235 3177 1423 3232 extremam
1449 3170 1517 3233 cle-

323 3289 485 3351 mentiam
504 3288 748 3369 lenitatemque
769 3287 820 3349 his
840 3287 952 3349 verbis
970 3309 1031 3351 non
1052 3288 1282 3352 describimus
1304 3289 1422 3353 Potest
1440 3310 1516 3353 esse

322 3407 442 3489 aliquis
466 3409 651 3471 admodum
674 3406 819 3469 crudelis
842 3415 877 3468 et
900 3415 1014 3469 tamen
1040 3428 1108 3470 nou
1132 3410 1252 3472 eadem
1278 3429 1345 3490 qua
1369 3409 1516 3472 Domiti·

322 3547 405 3589 anus
436 3547 470 3589 re
502 3526 679 3602 delectari;
713 3533 827 3608 potest
858 3546 930 3589 esse
961 3528 1063 3590 durus
1091 3548 1202 3609 neque
1225 3537 1340 3592 tamen
1364 3550 1516 3611 unquam

322 3646 463 3728 gallinas
494 3645 663 3728 lapidibus
695 3645 869 3728 persequi;
898 3667 1017 3709 canem
1040 3667 1142 3729 saepe
1168 3650 1362 3711 mordacem
1386 3648 1518 3712 laudari

322 3766 486 3840 audimus,
519 3764 609 3846 apud
641 3784 742 3846 quem
774 3773 889 3827 tamen
920 3764 1066 3828 infantes
1097 3767 1161 3828 tuti
1189 3768 1267 3830 sint.
1293 3767 1372 3843 Sed,
1397 3769 1443 3830 ita
1468 3767 1518 3831 lo·

323 3893 475 3966 quentes‚
513 3884 632 3967 plenos
666 3905 739 3948 esse
773 3885 983 3948 audientium
1018 3886 1150 3948 animos
1181 3886 1336 3968 cupimus
1366 3887 1518 3951 lenitatis

323 4004 591 4085 clementiaeque
622 4003 787 4086 imaginis,
819 4005 920 4087 igitur
945 4007 988 4067 de
1012 4025 1117 4086 puero
1141 4004 1310 4086 loquimur
1333 4005 1517 4081 imbecillo,

323 4124 366 4185 de
397 4122 531 4204 gallina,
564 4123 715 4185 omnium
747 4122 941 4187 animalium
974 4125 1118 4187 innocua
1150 4125 1308 4200 maxime,
1332 4127 1375 4188 de
1400 4145 1517 4188 musca

324 4241 452 4304 minimi
485 4242 652 4322 corporis;
685 4263 795 4324 neque
827 4244 1006 4325 quisquam
1029 4264 1179 4325 unquam
1204 4253 1273 4307 tam
1298 4244 1360 4307 fuit
1383 4244 1515 4326 logicae

324 4362 416 4424 dicto
446 4361 597 4437 audiens,
630 4370 665 4424 ut
697 4360 824 4445 vulgari
856 4363 1027 4427 locutione
1059 4365 1182 4426 omissa
1213 4384 1273 4444 ,ue
1297 4364 1420 4447 tigridi
1442 4365 1517 4445 qui-
