3258 5240
709 465 748 533 57

123 637 233 692 tutem
258 649 316 692 eos
340 629 544 704 retrahendi,
569 629 662 692 Nero
686 631 774 692 inter
797 649 923 712 paucos
943 629 1024 711 quid
1046 631 1218 693 videretur
1238 650 1317 692 con·

121 749 271 813 sultavit.
297 750 428 813 Horum
452 770 538 814 unus
561 758 596 812 et
619 748 705 813 alter
729 749 830 831 paulo
854 749 1003 812 severior
1027 749 1196 812 clamabat
1206 750 1227 831 ι)

163 871 384 934 tribuendum
403 871 541 953 aliquod
561 870 677 946 telum,
699 871 791 953 quod
811 871 924 953 sperni
945 878 1103 952 nequeat.
1125 871 1197 934 Nec
1213 890 1316 952 grave

121 991 338 1054 manumissis
355 1011 415 1074 per
431 990 522 1053 idem
538 990 739 1073 obsequium
753 991 920 1053 retinendi
933 989 1137 1065 libertatern,
1151 985 1211 1073 per'
1224 991 1316 1072 quod

120 1112 276 1174 adsecuti
306 1112 391 1174 sint:
422 1120 457 1174 at
480 1111 659 1173 criminum
684 1109 880 1173 manifestos
905 1110 1026 1173 merito
1049 1111 1093 1172 ad
1117 1111 1316 1173 servitutem

121 1231 259 1306 retrahi,
284 1240 320 1294 ut
345 1239 437 1294 metu
462 1238 692 1305 coerceantur,
717 1250 803 1312 quos
822 1228 989 1293 beneficia
1009 1251 1070 1292 non
1091 1230 1315 1293 mutavissent.

166 1349 224 1414 Sic
256 1351 442 1426 Mediceus‚
475 1370 670 1433 perperam:
703 1369 771 1412 non
803 1350 895 1412 enirn
918 1349 1002 1412 mali
1023 1350 1111 1411 servi
1137 1349 1316 1411 manumit-

120 1478 240 1533 tuntur
268 1478 305 1532 ut
330 1469 487 1532 meliores
510 1468 602 1545 fiant,
628 1471 688 1533 sed
713 1469 834 1550 optimi
858 1468 1097 1532 tantummodo
1123 1467 1214 1550 (,‚qui
1237 1475 1316 1530 sunt
1383 1461 1388 1470 '

118 1588 251 1652 liberali
276 1589 458 1670 ingenio”),
482 1609 542 1672 spe
567 1590 600 1652 in
625 1596 827 1672 perpetuum
852 1587 936 1650 tales
960 1607 1019 1650 eos
1042 1587 1180 1650 futuros.
1206 1586 1316 1650 Multo

119 1729 203 1792 ergo
237 1711 360 1772 rectius
390 1710 685 1784 communissent,
717 1710 809 1792 quod
840 1709 945 1772 suasit
977 1708 1169 1789 Madvigius
1200 1715 1235 1771 et

119 1828 289 1912 praebent
316 1827 552 1909 „deteriores”.
577 1829 736 1911 (Utrique
760 1835 875 1891 tamen
899 1827 1037 1890 lectioni
1062 1826 1201 1891 forsitan
1222 1847 1317 1909 prae·

118 1955 188 2011 stet
212 1947 359 2029 simplex
382 1948 619 2031 mutavissent).

166 2067 259 2130 Ann.
296 2067 392 2144 XIII,
428 2069 482 2147 48.
518 2067 669 2130 Auditae
706 2065 968 2130 Puteolanorum
1005 2066 1200 2148 legationes
1233 2085 1317 2148 quas

120 2188 274 2250 diversas
297 2188 379 2250 ordo
396 2187 489 2272 plebs
512 2187 555 2250 ad
579 2195 735 2251 senatum
760 2187 930 2250 miserant.

166 2308 232 2372 Pro
252 2308 421 2388 asyndeto
440 2309 521 2372 ordo
535 2307 637 2391 plebs,
659 2308 752 2390 quod
771 2316 862 2370 certe
881 2305 978 2370 huius
990 2306 1056 2370 loci
1069 2327 1137 2370 non
1150 2315 1212 2382 est,
1225 2315 1317 2370 recte

122 2426 232 2490 altera
246 2426 393 2489 Medicei
408 2447 526 2490 manus
539 2436 573 2489 et
582 2428 721 2509 quidam
731 2426 919 2489 inferiores:
932 2427 1014 2490 ordo
1019 2426 1173 2510 plebsque
1181 2426 1322 2489 habent.

170 2545 263 2609 Ann.
288 2545 367 2622 XV,
393 2561 444 2628 59.
469 2546 539 2628 (Ad
559 2547 645 2609 sorte
667 2546 794 2610 facinus
817 2546 972 2610 Pisonem
993 2547 1075 2609 socii
1096 2545 1320 2610 adhortantur

122 2675 158 2730 et
184 2666 259 2729 aliis
282 2666 490 2748 argumentis
512 2674 548 2728 et
572 2666 666 2749 hoc):

169 2785 310 2848 Frustra
340 2784 511 2849 silentium
543 2794 578 2848 et
610 2785 712 2848 fidem
746 2787 779 2848 in
809 2794 863 2849 tot
895 2787 1109 2850 consciorum
1139 2786 1260 2850 animis
1283 2795 1319 2850 et

117 2905 322 2988 corporibus
344 2917 499 2989 sperare:
520 2906 681 2968 cruciatui
703 2913 762 2968 aut
783 2906 934 2988 praemio
954 2913 1077 2968 cuncta
1097 2906 1214 2988 pervia
1234 2926 1317 2969 esse.

169 3025 278 3090 Unice
303 3046 420 3088 verum
444 3025 579 3088 videtur
603 3025 695 3107 quod
720 3025 906 3088 deteriores
930 3025 1074 3088 habent:
1099 3026 1243 3108 sperari.

169 3145 214 3212 H.
239 3145 282 3220 11,
310 3163 360 3228 37.
386 3144 499 3228 (Quod
523 3147 646 3208 attinet
670 3147 713 3209 ad
738 3146 772 3208 id
797 3147 889 3228 quod
916 3145 1067 3209 nonnulli
1091 3147 1240 3222 tradunt,
1262 3166 1317 3209 co·

118 3266 248 3348 gitasse
273 3263 403 3328 Vitellii
428 3273 463 3328 et
485 3263 633 3330 Othonis
654 3265 777 3329 milites
797 3267 841 3329 de
861 3266 962 3329 armis
983 3268 1150 3349 ponendis
1170 3275 1205 3330 et
1225 3267 1317 3329 bono

120 3384 239 3466 aliquo
264 3385 469 3467 imperatore
492 3385 661 3467 eligend0‚
687 3385 768 3447 mihi
792 3385 955 3449 credibile
979 3406 1047 3449 non
1072 3386 1236 3468 videtum)

167 3502 300 3586 legatos
322 3524 362 3567 ac
387 3505 500 3579 duces,
526 3524 648 3586 magna
668 3525 711 3567 ex
732 3514 828 3587 parte
847 3505 945 3568 luxus
969 3507 1130 3588 egestatis
1153 3505 1317 3568 scelerum

118 3622 187 3686 sibi
219 3624 383 3698 conscios,
412 3624 474 3687 nisi
499 3623 666 3706 pollutum
690 3625 960 3707 obstrictumque
984 3626 1113 3688 meritis
1136 3625 1203 3686 suis
1227 3627 1317 3706 prin-

118 3742 235 3824 cipem
260 3761 428 3824 passuros.

169 3861 298 3944 Utique
321 3882 399 3926 cum
426 3863 692 3942 „deterioribus”
717 3863 898 3947 legendum
923 3863 1078 3926 moribus.
1104 3860 1315 3927 Obstrictum

117 3981 214 4044 enim
242 3982 371 4044 meritis
393 3983 463 4045 suis
487 3983 675 4065 principem
700 3983 803 4046 etiam
828 3982 881 4044 vel
906 3983 1026 4065 optimi
1050 3983 1113 4045 sibi
1139 3990 1316 4064 expetunt,

116 4109 158 4164 at
185 4100 333 4164 moribus
355 4101 423 4164 suis
446 4101 648 4165 obstrictum
674 4103 861 4184 principem
887 4101 973 4165 velle
998 4102 1162 4166 malorum
1187 4110 1249 4165 est.

168 4221 213 4284 H.
240 4221 283 4296 11,
311 4235 361 4302 53.
386 4221 506 4285 Novae
530 4221 731 4285 narrationis
754 4223 801 4285 sic
826 4220 864 4284 fit
888 4223 1038 4286 initium:

169 4340 332 4404 Notabile
362 4342 551 4425 virgenium
584 4340 645 4404 luit
676 4361 745 4423 quo
775 4341 925 4404 Licinius
948 4341 1094 4406 Caecina
1119 4340 1318 4405 Marcellum

120 4461 268 4545 Eprium
290 4469 328 4524 ut
351 4459 511 4543 ambigua
534 4461 756 4523 disserentem
781 4460 914 4525 invasit.
