3266 5238
662 457 701 521 91

141 619 206 698 ,Ut
230 631 278 683 tat
294 615 314 700 ¹)
337 626 545 681 armatorum
569 619 661 682 milia
684 619 778 682 velut
801 639 885 701 grex
908 619 1078 682 venalium
1099 619 1188 682 exuli
1209 619 1280 683 An·

92 739 182 800 tonia
216 739 309 800 dono
344 739 505 802 darentur
540 739 631 819 (octo
668 738 825 801 nimirum
857 738 1008 820 legiones
1040 739 1137 802 unius
1168 737 1282 802 classis

91 859 314 922 accessionem
339 857 433 941 lore),
457 859 491 920 id
517 858 620 921 Basso
644 859 678 920 id
704 857 870 922 Caecinae
894 857 1034 920 visum”.

133 975 186 1041 Sic
212 977 424 1060 distinguunt
448 977 607 1053 editores,
632 977 900 1060 perversissime:
926 997 968 1039 ne
992 976 1058 1039 alia
1081 986 1281 1058 argumenta

89 1097 221 1172 addam,
258 1098 302 1159 ab
333 1097 373 1159 id
392 1144 422 1159 ..
446 1097 554 1160 visum
587 1117 676 1160 nunc
708 1098 836 1179 pendet
868 1109 905 1160 ut
923 1131 966 1142 -
986 1097 1160 1178 darentur,
1193 1117 1280 1179 quae

89 1226 177 1280 certe
201 1217 349 1281 absurda
371 1225 540 1281 structura
563 1225 626 1292 est,
651 1237 761 1298 neque
785 1218 833 1280 sic
858 1217 1067 1300 pronominis
1091 1217 1130 1280 id
1145 1224 1279 1280 constat

88 1337 180 1412 rati0,
205 1346 243 1400 ut
262 1345 394 1400 taceam
414 1357 517 1419 quam
536 1338 652 1418 inepte
674 1356 762 1398 nunc
782 1336 837 1400 illa
858 1345 1042 1418 repetatur.
1062 1336 1168 1398 Visne
1189 1337 1280 1419 ipsos

89 1455 210 1518 milites
244 1456 361 1520 audire
396 1464 578 1539 querentes
609 1465 643 1519 et
676 1463 808 1520 tantum
844 1475 912 1518 non
947 1453 1191 1538 singultantes?
1223 1453 1280 1517 Sic

87 1577 274 1658 distingue:

132 1697 201 1776 ,Ut
234 1705 287 1760 tot
317 1706 523 1761 armatorum
557 1696 648 1760 milia
676 1696 768 1760 velut
791 1717 875 1779 grex
899 1695 1069 1760 venalium
1093 1696 1183 1760 exuli
1208 1696 1279 1759 An·

85 1817 179 1878 tonio
217 1817 308 1879 dono
344 1816 525 1881 darentur?
557 1826 636 1880 octo
668 1818 824 1881 nimirum
856 1817 1006 1899 legiones
1038 1815 1135 1879 unius
1166 1816 1280 1879 classis

85 1936 313 1999 accessionem
337 1935 426 1999 sore!
451 1936 492 2000 Id
517 1936 629 2011 Basse,
656 1936 689 1998 id
715 1934 880 1999 Caecinae
905 1936 1013 1998 visum
1023 1933 1056 1996 ?”

128 2054 240 2138 Quam
259 2055 400 2138 pulchra
418 2064 469 2120 est
486 2055 570 2118 haec
588 2064 831 2118 structurarum
848 2055 1002 2130 varietas,
1017 2074 1119 2137 quam
1131 2055 1280 2136 graviter

85 2175 234 2239 lamenta
277 2175 421 2240 militum
458 2197 558 2250 nunc,
592 2184 768 2258 tamquam
803 2177 891 2238 iusta
925 2176 1043 2250 oratio,
1077 2175 1292 2239 clauduntur,

85 2297 285 2378 gravissimo
308 2296 366 2360 illo
389 2297 617 2360 iet—uisum!

128 2418 174 2480 H.
202 2418 262 2492 ΙΙΙ,
289 2419 341 2498 84.
371 2418 453 2480 Post
482 2417 587 2481 multa
616 2417 659 2481 ad
689 2417 807 2480 urbem
831 2417 924 2480 etin
948 2417 1021 2500 ipsa
1045 2418 1127 2481 urbe
1152 2417 1281 2500 proelia

82 2538 224 2600 taudem
255 2536 409 2600 Flaviani
439 2545 549 2599 castra
579 2537 748 2619 praetoria
774 2537 1017 2619 aggrediuntur
1039 2537 1197 2599 omnibus
1220 2537 1279 2599 ad·

80 2654 199 2719 hibitis
222 2655 332 2729 rebus,
357 2655 480 2738 quibus
504 2656 730 2720 validissimae
755 2656 866 2718 solent
890 2656 1078 2738 oppugnari
1104 2655 1220 2724 urbes:

125 2774 276 2854 ,Contra
311 2774 497 2850 Vitelliani,
528 2795 736 2858 quamquam
772 2796 912 2839 numero
944 2775 1081 2858 satoque
1114 2775 1275 2857 dispares,

76 2894 269 2976 inquietare
300 2894 488 2970 victoriam,
521 2897 643 2958 morari
676 2916 806 2979 pacem,
838 2895 958 2957 domos
987 2914 1128 2976 arasque
1156 2914 1274 2958 cruore

76 3012 234 3090 foedare;
260 3034 417 3097 suprema
441 3015 539 3078 victis
562 3015 687 3078 solacia
710 3013 1036 3097 amplectebantur’‘.

119 3132 178 3198 Sic
212 3133 247 3196 in
278 3132 485 3196 editionibus
516 3142 551 3196 et
582 3135 616 3196 in
649 3135 767 3197 codice
797 3133 1023 3216 distinguitur,
1047 3143 1223 3216 tamquam
1246 3135 1273 3198 si

74 3260 143 3316 tres
164 3252 319 3315 diversae
340 3273 432 3317 resa
453 3252 644 3316 Vitellianis
664 3262 821 3336 peractae
843 3262 1091 3330 enumerentur,
1111 3276 1131 3318 a
1151 3255 1273 3336 quibus

74 3372 326 3453 seiungendum
354 3373 397 3434 sit
426 3373 516 3434 istud
545 3385 702 3454 suprema
731 3374 827 3437 victis
848 3373 971 3438 salacia
994 3375 1272 3456 amplectebantur

73 3538 175 3554 .....
202 3491 294 3572 quod
326 3491 374 3553 ita
405 3511 555 3554 seorsum
587 3493 735 3574 positum
766 3502 824 3555 aut
855 3514 990 3557 sensum
1016 3493 1118 3557 habet
1143 3493 1271 3557 nullum

72 3621 130 3674 aut
149 3611 253 3694 plane
270 3611 460 3674 obscurum.
475 3612 603 3675 Verum
616 3612 802 3675 arctissime
815 3615 986 3694 iungenda
998 3622 1075 3674 sunt
1088 3615 1272 3694 inquietare

71 3731 252 3796 victoriam
280 3731 413 3793 marari
436 3743 571 3814 pacem:
601 3732 761 3795 iudicium
787 3733 838 3794 his
862 3731 973 3794 verbis
995 3732 1168 3813 scriptoris
1191 3751 1270 3795 con·

70 3851 201 3913 tinetur
233 3850 277 3913 de
309 3849 471 3913 militibus
502 3850 766 3913 defendentibus
797 3851 900 3912 etiam
933 3859 1043 3913 castra
1068 3869 1129 3912 nec
1154 3851 1268 3913 statim

68 3990 110 4033 eo
147 3970 299 4032 victores
333 3969 591 4051 recipientibus;
627 3979 765 4033 auctore
799 3969 919 4032 Tacito
953 3989 1020 4032 non
1052 3970 1094 4032 de
1127 3970 1268 4033 victoria

69 4097 205 4152 certare
229 4085 283 4149 vel
309 4086 427 4150 Vitelli
450 4088 629 4171 imperium
650 4088 822 4153 vindicare
842 4088 923 4152 illud
945 4089 1023 4153 fuit:
1045 4091 1271 4173 inquietabant

69 4205 315 4271 tantummodo
339 4206 513 4270 Vitelliani
537 4209 712 4272 victoriam
738 4217 770 4270 et
789 4221 904 4292 pacem
927 4210 1145 4276 morabantur
1152 4239 1162 4290 ;
1184 4211 1267 4275 haec

108 4457 135 4524 r)
156 4457 288 4506 insertum
307 4471 322 4504 a
340 4455 451 4522 Rittero,
469 4455 540 4505 haud
558 4455 665 4505 dubium
684 4457 749 4523 quin
767 4466 845 4507 recte.
