3248 5230
419 1381 742 1456 CONSPECTUS
770 1379 1003 1457 CAPITUM.

108 1907 252 2000 CAPUT
332 1908 356 1967 Ι.
384 1907 431 1965 De
455 1903 564 1965 Tacito
591 1902 742 1964 Plutarchi
765 1902 796 1962 in
816 1901 885 1961 vitis
904 1903 1020 1962 Galbae
1039 1912 1070 1962 et
1090 1901 1222 1964 Othonis
1249 1837 1306 1889 Pas.

432 2017 515 2075 sonte
564 2058 1220 2077 ..............
1285 2035 1299 2076 1

109 2127 253 2188 CAPUT
314 2128 354 2187 II.
382 2125 583 2186 Continuatur
602 2123 709 2203 capitis
727 2127 742 2183 I
762 2135 972 2203 argumentum
1014 2170 1218 2188 .....
1282 2129 1299 2186 6

108 2237 252 2299 CAPUT
299 2239 354 2296 III.
381 2238 428 2296 De
447 2235 555 2296 Tacito
574 2235 716 2296 historico
764 2281 1220 2298 ..........
1265 2258 1299 2298 12

108 2348 252 2408 CAPUT
304 2349 357 2408 IV.
384 2349 432 2408 De
458 2346 532 2408 locis
555 2345 653 2407 Taciti
676 2357 797 2425 propter
816 2365 911 2406 unum
929 2347 1110 2406 vocabulum
1129 2348 1220 2408 falsae

430 2456 669 2535 interpretationi
689 2455 827 2517 obnoxiis
863 2501 1219 2519 ........
1262 2479 1297 2520 21

107 2570 250 2631 CAPUT
318 2570 356 2630 V.
383 2571 430 2629 De
439 2567 539 2629 Taciti
555 2567 776 2628 narrationibus
787 2565 921 2627 obscuris
931 2565 1219 2646 incredibilibusque
1261 2589 1300 2646 30

107 2681 250 2741 CAPUT
301 2681 355 2740 VI.
382 2678 584 2740 Continuatur
603 2677 710 2755 capitis
729 2680 775 2737 III
795 2686 1005 2754 argumentum
1012 2723 1219 2740 .....
1261 2699 1300 2753 40

106 2793 250 2852 CAPUT
285 2792 356 2851 VII.
384 2792 431 2850 De
457 2788 649 2868 popularibus
667 2786 846 2866 quibusdam
866 2787 1009 2865 loquendi
1029 2786 1109 2847 vitiis
1127 2787 1219 2848 etiam

428 2895 510 2978 apud
528 2898 668 2959 Tacitum
688 2896 785 2958 obviis
813 2943 1219 2961 .........
1262 2903 1300 2973 48

107 3012 250 3071 CAPUT
269 3013 356 3070 VIII.
383 3011 430 3070 De
449 3009 549 3070 Taciti
568 3007 724 3070 codicibus
743 3007 1024 3068 observatiunculae
1062 3056 1068 3069 .
1112 3054 1119 3070 .
1162 3055 1169 3070 .
1212 3055 1219 3070 .
1262 3029 1298 3090 55

107 3122 250 3182 CAPUT
301 3123 355 3180 IX.
382 3122 429 3180 De
457 3119 610 3180 vocabulis
640 3117 820 3196 quibusdam
851 3118 933 3196 apud
959 3118 1100 3179 Tacitum
1128 3121 1218 3199 vulgo

431 3231 507 3290 male
525 3227 684 3289 intellectis
711 3274 1218 3293 ...........
1260 3234 1298 3292 66

106 3344 249 3404 CAPUT
319 3344 356 3402 X.
384 3342 431 3401 De
459 3340 595 3400 locorum
623 3339 812 3417 quorundam
839 3337 1084 3400 distinctionibus
1119 3360 1219 3402 emen-

427 3449 535 3511 dandis
559 3495 1217 3513 ..............
1259 3456 1296 3531 85

105 3563 248 3623 CAPUT
300 3564 353 3623 XI.
380 3563 427 3620 De
452 3560 526 3620 locis
552 3559 648 3620 varias
673 3561 713 3621 ob
741 3580 845 3620 causas
870 3562 960 3622 falsae
979 3561 1218 3639 interpretationi

406 3668 545 3731 obnoxiis
561 3715 1216 3735 ..............
1258 3695 1295 3753 93

104 3784 247 3845 CAPUT
285 3785 354 3844 XII.
382 3785 428 3843 De
445 3781 544 3842 Taciti
562 3779 781 3841 narrationibus
798 3780 941 3856 obscuris,
958 3782 1092 3858 turbatis,
1109 3783 1216 3862 imper·

425 3893 510 3954 fectis
557 3936 1213 3956 ..............
1239 3918 1295 3958 110

103 4004 247 4065 CAPUT
266 4005 352 4063 XIII.
379 4004 425 4062 De
444 4002 543 4063 Taciti
563 4003 680 4063 rhetore
698 4002 796 4078 deque
815 3999 878 4061 eius
898 4002 975 4076 „lide
993 4001 1164 4065 historica’'.
1206 4053 1213 4066 .
1240 4027 1295 4084 130

102 4116 245 4175 CAPUT
265 4116 349 4175 XIV.
377 4115 426 4174 Ad
459 4133 510 4174 sex
542 4114 654 4192 priores
686 4111 851 4172 Annalium
879 4112 972 4174 libros
1004 4114 1215 4176 annotationes

424 4224 523 4284 variae
557 4270 1212 4288 ..............
1239 4229 1292 4288 162

3 4345 4 4350 ’
102 4337 374 4397 EPIMETRUM:
406 4337 526 4396 Constat
543 4343 573 4393 et
590 4337 665 4393 satis
684 4343 797 4394 constat
815 4354 884 4394 cum
904 4333 1053 4396 infinitivo
1072 4336 1213 4397 coniunc-

424 4445 523 4505 tivove
543 4444 694 4522 praeteriti
705 4489 1211 4510 ...........
1236 4452 1291 4526 183
