3228 5236
869 465 932 546 238

300 641 357 706 illa
382 643 481 726 plane
505 664 603 708 sensu
628 653 768 707 careret.
793 643 940 708 Pavidos
958 643 1186 728 periculorum
1211 643 1347 726 ineptae
1371 649 1425 705 est
1453 640 1511 705 lo-

303 765 484 846 quacitatls
507 773 542 828 et
566 766 599 828 in
624 765 734 828 Taciti
759 772 856 827 textu
881 765 1019 828 minime
1043 764 1214 828 serendae.

349 883 392 946 H.
419 884 479 960 ΙΙΙ,
503 885 556 966 67.
585 884 657 947 lam
689 884 810 947 cedere
842 884 1027 947 victoribus
1051 881 1210 947 Vitellius
1234 883 1396 956 decrevit,
1421 879 1512 944 hor-

303 1003 454 1066 tantibus
475 1025 552 1067 eum
573 1005 690 1068 amicis
711 1012 747 1068 ut
767 1006 809 1068 ad
831 1025 1025 1088 supremum
1045 1025 1081 1067 se
1102 1004 1294 1086 accingeret
1310 1011 1511 1076 certamen,

304 1131 339 1186 et
367 1124 411 1186 ad
443 1125 641 1188 eiurandum
673 1126 852 1208 imperium
878 1124 969 1208 pullo
993 1125 1118 1188 amictu
1145 1122 1274 1186 Palatio
1299 1121 1511 1204 digreditur.

306 1242 374 1307 Sed
409 1245 541 1318 tristem
576 1242 668 1307 illam
704 1243 931 1307 narrationem
968 1243 1142 1327 praecedit
1173 1250 1323 1304 moestae
1355 1241 1421 1315 rei,
1459 1241 1510 1303 ad

305 1362 414 1445 ipsam
437 1363 651 1446 imperatoris
674 1364 814 1426 domum
838 1363 1048 1446 pertinentis,
1073 1362 1368 1425 commemoratio:

354 1491 444 1564 ,erat
476 1482 523 1545 illi
555 1491 589 1545 et
617 1483 704 1546 lessa
728 1490 840 1546 aetate
865 1503 1002 1566 parens;
1028 1503 1115 1565 quae
1139 1490 1254 1545 tamen
1279 1480 1394 1562 paucis
1418 1487 1512 1542 ante

306 1602 426 1665 diebus
460 1611 654 1685 opportuna
689 1612 798 1666 morte
833 1603 1004 1666 excidium
1040 1604 1160 1666 domus
1196 1600 1382 1683 praevenit,
1418 1597 1512 1662 nihil

307 1722 499 1805 principatu
524 1721 582 1784 filii
607 1722 768 1785 adsecuta
793 1723 855 1786 nisi
880 1723 1007 1786 luctum
1032 1730 1066 1785 et
1091 1722 1217 1784 bonam
1241 1717 1399 1784 lamam.”

353 1842 431 1906 Non
463 1842 535 1905 sine
566 1862 667 1905 causa
698 1842 782 1904 haec
814 1843 1094 1925 praemittuntur;
1129 1860 1210 1903 mox
1243 1839 1332 1902 enim
1357 1838 1514 1920 legimus

310 1981 377 2024 non
409 1959 517 2024 solum
549 1960 679 2024 Palatio
712 1962 898 2044 digressum
923 1960 1111 2035 Vitellium,
1142 1960 1202 2023 sed
1227 1969 1351 2022 maesta
1374 1959 1513 2021 circum

303 2082 456 2165 familia,
483 2100 564 2165 ergo
586 2082 739 2164 legentes
761 2091 863 2146 antea
883 2083 1025 2145 edoctos
1045 2088 1182 2163 oportet
1203 2079 1246 2142 de
1267 2078 1383 2142 matris
1405 2077 1516 2152 illius,

311 2203 354 2265 de
385 2222 452 2283 qua
483 2201 516 2264 in
548 2202 970 2285 praecedentibus'pauca
996 2200 1056 2263 sed
1081 2199 1234 2281 egregrie
1257 2205 1515 2279 cognoverunt,

311 2329 412 2384 sorte.
437 2319 505 2384 Sed
530 2319 584 2383 hic
607 2321 641 2384 in
664 2320 722 2382 illo
746 2332 930 2404 opportuna
954 2331 1059 2383 morte
1081 2317 1196 2381 omnia
1218 2323 1313 2392 sunt;
1337 2315 1403 2378 illis
1423 2315 1516 2397 ipsis

311 2442 431 2506 diebus
463 2461 538 2505 eam
570 2449 738 2503 mortuam
770 2460 842 2502 esse
875 2459 963 2502 nunc
986 2439 1103 2521 quivis·
1121 2439 1236 2502 statim
1261 2436 1429 2517 intelligit,
1460 2435 1516 2498 di·

310 2563 408 2625 sertis
439 2562 473 2625 id
505 2562 607 2625 etiarn
640 2561 752 2624 verbis
782 2558 906 2623 referre
937 2560 1200 2642 ingratissimum
1225 2565 1286 2620 est.
1318 2555 1411 2637 Ergo
1437 2575 1515 2618 non

311 2701 387 2744 curn
419 2681 467 2744 lo.
498 2679 663 2744 Muellero
693 2691 769 2743 ante
798 2679 858 2742 sed
890 2686 1001 2742 toturn
1033 2678 1114 2742 illud
1139 2678 1259 2762 paucis
1289 2687 1364 2740 ante
1394 2675 1519 2739 diebus

311 2803 514 2866 eiiciendum
538 2821 672 2864 censeo.
697 2799 811 2862 Etiam
836 2799 869 2861 in
895 2800 1051 2881 proxima
1075 2797 1198 2860 vicinia
1220 2795 1315 2860 locus
1335 2794 1389 2858 hic
1409 2793 1516 2858 scioli

312 2942 449 2985 manum
473 2929 525 2984 est
549 2928 720 3004 expertus.
745 2917 801 2982 Sic
825 2918 916 2981 enim
940 2919 1108 3002 pergitur:

361 3039 545 3122 ,Quintum
576 3039 746 3102 decimum
777 3037 939 3101 kalendas
972 3037 1143 3100 Ianuarias
1173 3035 1290 3099 audita
1313 3032 1516 3097 delectione

312 3159 455 3240 legionis
489 3158 759 3241 cohortiumque,
794 3177 880 3240 quae
915 3178 951 3220 se
987 3157 1134 3220 Narniae
1166 3155 1378 3229 dediderant,
1412 3153 1516 3236 pullo

313 3277 438 3341 amictu
464 3277 593 3340 Palatio
617 3277 837 3358 digreditur.''

358 3396 570 3478 Agnoscisne
598 3397 871 3459 annotationem:
897 3415 1063 3478 ,quaese
1088 3395 1235 3458 Narniae
1260 3391 1516 3456 dediderant'’?

315 3520 394 3582 Non
413 3518 552 3581 Tacitus
571 3537 607 3580 se
627 3538 647 3581 a
663 3525 734 3580 tarn
747 3515 921 3580 obliviosis
934 3515 1060 3579 lectum
1074 3515 1112 3579 iri
1124 3514 1319 3577 hominibus
1331 3523 1520 3594 exspecta-

315 3640 374 3715 vit,
394 3639 516 3722 quibus
537 3657 622 3722 opus
643 3645 731 3701 esset
751 3637 865 3700 omnia
878 3637 1066 3700 identidem
1078 3636 1111 3698 in
1126 3635 1324 3698 memoriam
1337 3651 1519 3698 revocare.

362 3759 405 3822 H.
429 3759 490 3835 Ill,
515 3761 568 3842 69.
600 3758 725 3841 Sparso
756 3776 891 3820 rumore
923 3757 966 3820 de
990 3757 1133 3838 imperio
1157 3777 1177 3819 a
1201 3754 1342 3818 Vitellio
1367 3754 1517 3831 eiurato,

316 3878 454 3941 Flavius
478 3877 624 3943 Sabinus
646 3900 666 3942 a
690 3877 893 3961 primoribus
917 3877 1063 3939 civitatis
1086 3875 1301 3958 compellitur
1324 3882 1361 3937 ut
1381 3881 1416 3936 et
1437 3873 1516 3957 ipse

316 3998 478 4061 victoriae
498 3998 676 4079 famaeque
689 4005 821 4080 partem
835 4002 999 4078 capessat.
1021 3994 1087 4075 Qui
1100 3995 1157 4059 ubi
1171 3994 1312 4058 tandem
1324 3993 1516 4075 aliquando

317 4138 434 4182 eorum
466 4117 566 4181 cessit
597 4117 753 4198 precibus
781 4117 920 4198 -ipse
951 4114 1042 4178 enim
1074 4123 1193 4178 natura
1225 4113 1326 4196 paulo
1356 4114 1518 4196 ignavior

318 4257 505 4322 parumque
536 4235 580 4297 ad
612 4236 782 4316 agendum
815 4243 993 4318 promptus
1024 4243 1163 4298 erat-
1192 4233 1305 4296 subito
1337 4234 1518 4314 cognoscit

320 4356 439 4438 vulgus
459 4363 493 4416 et
515 4353 671 4416 cohortes
692 4352 910 4417 Germanicas
929 4353 972 4416 ad
994 4362 1184 4417 extremum
1206 4372 1268 4436 pro
1281 4351 1424 4415 Vitellio
1436 4353 1518 4415 sub·

320 4473 471 4537 eundum
495 4481 668 4536 certarnen
692 4480 845 4556 paratas:
