3266 5238
653 1490 713 1554 XI.

131 1710 187 1773 Ad
219 1709 313 1777 locos
343 1715 444 1777 venio
475 1714 559 1792 illos,
590 1715 648 1779 ubi
679 1716 789 1779 Taciti
822 1723 971 1779 mentem
1005 1716 1155 1780 nondum
1188 1717 1275 1781 bene

88 1839 299 1912 perspectam
329 1853 351 1894 a
381 1834 461 1896 viris
492 1835 601 1898 doctis
632 1844 691 1897 aut
721 1843 882 1917 expertus
911 1847 984 1898 sum
1016 1845 1074 1899 aut
1106 1856 1174 1899 non
1206 1839 1277 1900 sine

88 1967 187 2011 causa
228 1952 389 2034 suspicari
429 1953 511 2015 mihi
547 1954 675 2016 videor.
712 1954 781 2017 Eos
817 1973 897 2034 ergo
931 1955 979 2016 sic
1015 1975 1204 2037 proponam
1241 1965 1277 2018 ut

86 2070 259 2148 quomodo
292 2072 371 2133 mihi
404 2071 614 2154 intelligendi
646 2073 826 2135 videantur
857 2093 1021 2135 enarrem.
1051 2073 1116 2136 Hic
1140 2094 1276 2156 quoque

87 2207 340 2271 nonnumquam
374 2189 493 2254 inutile
528 2191 665 2274 aliquod
698 2191 903 2254 emendandi
934 2211 1100 2255 conamen
1131 2192 1278 2256 refutare

85 2309 244 2370 conabor.

128 2428 173 2490 A.
193 2428 289 2503 XIII,
309 2447 363 2510 43.
384 2429 509 2512 Agitur
527 2431 571 2494 de
591 2450 692 2494 causa
712 2429 830 2506 Suillii,
852 2432 908 2514 qui
926 2432 1115 2514 imperante
1132 2431 1274 2495 Claudio

84 2545 230 2610 famosus
250 2547 479 2611 delationibus
494 2548 617 2624 fuerat3
635 2551 662 2612 is
679 2570 767 2613 nunc
785 2548 935 2613 Senecae
952 2570 1057 2633 opera
1068 2571 1145 2613 reus
1156 2550 1275 2626 sactus

83 2668 228 2748 prImum
260 2687 296 2730 se
327 2670 361 2732 in
393 2669 551 2733 omnibus
583 2669 683 2733 rebus
714 2669 856 2733 Claudio
880 2670 1030 2752 paruisse
1054 2671 1177 2746 aiebat,
1202 2680 1275 2734 tum

83 2786 169 2849 iussa
193 2786 395 2851 Messalinae
420 2789 678 2871 praetendebat.
704 2789 769 2852 Hic
794 2790 976 2852 adversarii
1002 2790 1074 2852 eius
1093 2790 1275 2872 rogabant:

129 2927 207 2986 ‚cur
229 2910 400 2972 neminem
424 2908 526 2972 alium
551 2910 721 2972 delectum
744 2910 802 2991 qui
822 2910 986 2972 saevienti
1005 2910 1197 2992 impudicae
1219 2932 1277 2973 vo-

80 3048 155 3092 cem
180 3030 360 3112 praeberet
370 3026 403 3091 ?'’

78 3148 341 3230 addebantque:

126 3269 338 3352 „puniendos
363 3288 474 3332 rerum
496 3269 662 3332 atrocium
686 3268 867 3344 ministros,
892 3269 950 3332 ubi
976 3270 1085 3352 pretIa
1109 3269 1273 3334 scelerum

76 3388 196 3470 adepti
219 3387 346 3452 scelera
371 3389 444 3471 ipsa
467 3388 540 3451 aliis
563 3386 755 3469 delegent'’.

119 3508 237 3570 Primo
267 3516 408 3590 aspectu
438 3507 551 3570 inania
580 3506 635 3569 hic
668 3505 808 3569 sundere
837 3507 941 3570 verba
965 3509 1100 3572 videtur
1123 3509 1271 3584 Tacitus,

74 3647 155 3690 nam
177 3627 253 3708 quis
272 3627 423 3690 minister
442 3646 510 3689 non
531 3635 711 3707 utrumque
729 3623 828 3688 facit?
847 3625 893 3688 Et
914 3627 1006 3706 quod
1020 3626 1076 3689 illa
1089 3627 1272 3709 descriptio

72 3745 317 3810 coniunctione
342 3744 398 3808 ubi
419 3744 611 3808 annectitur
631 3743 923 3827 praecedentibus,
945 3742 1010 3806 hoc
1030 3745 1195 3826 imprimis
1213 3743 1286 3807 ab·¹

69 3867 214 3929 surdum
246 3864 391 3927 videtur.
424 3861 502 3938 Sed,
535 3864 562 3927 si
595 3871 686 3926 recte
717 3862 828 3935 video,
861 3861 945 3922 haec
977 3869 1183 3937 senatorum,
1211 3864 1267 3945 qui

69 3987 135 4048 ista
159 3985 291 4059 dicunt,
316 4002 412 4046 mens
434 3990 503 4045 est:
531 3981 712 4064 „puniendi
737 3987 815 4041 sunt
840 3979 993 4055 ministri,
1018 3980 1073 4044 ubi
1094 3982 1128 4044 in
1148 3983 1268 4045 iudicio

66 4117 217 4190 apparet
247 4104 426 4187 pecuniam
457 4103 595 4185 quidem
628 4121 686 4164 eos
717 4100 898 4182 accepisse,
930 4101 990 4162 sed
1023 4100 1114 4164 nullo
1141 4100 1207 4164 alio
1231 4123 1267 4166 se

66 4232 276 4309 argumento
300 4222 484 4286 defendere
508 4241 607 4305 posse
631 4241 733 4303 quarn
757 4220 849 4302 quod
874 4219 953 4282 iussi
976 4219 1149 4284 secerInt'‘.

110 4347 158 4410 A.
187 4344 285 4418 XIV,
314 4361 364 4406 12.
395 4345 637 4408 Abiectissima
667 4341 863 4405 adulatione
894 4351 1067 4406 senatores
1099 4350 1267 4404 mortuam

65 4465 301 4550 Agrippinam
327 4464 419 4526 omni
444 4462 650 4527 contumelia
674 4461 838 4523 afficiunt:
