3266 5238
681 459 742 526 133

109 624 220 687 evasit
250 644 326 686 curn
351 624 455 706 signis
479 624 701 706 captivisque,
726 646 812 708 quos
836 627 944 710 prima
966 627 1039 690 acie
1063 626 1306 709 corripuerant.

110 741 296 806 Caesorum
320 763 361 806 eo
384 743 440 806 die
466 743 499 805 in
523 743 676 826 partibus
701 746 823 809 nostris
849 746 955 809 maior
979 741 1146 821 numerus,
1170 753 1222 807 set
1246 746 1306 807 im-

106 861 245 938 bellior;
279 883 298 925 e
330 862 508 926 Germanis
543 863 616 946 ipsa
652 865 784 929 robora.
821 866 903 930 Dux
934 879 1069 948 uterque
1093 865 1182 949 pari
1210 864 1307 952 culpa

106 983 250 1046 meritus
273 984 428 1059 adversa,
447 985 623 1068 prosperis
646 984 816 1067 defuere.”

156 1101 395 1165 Narrationem
415 1101 543 1166 claudit
560 1105 729 1167 sententia
749 1106 996 1181 venustissima,
1013 1107 1073 1170 sed
1091 1106 1184 1168 cuius
1201 1105 1307 1169 altera

102 1229 243 1285 tantum
276 1242 353 1304 pars
382 1221 482 1285 rebus
506 1223 587 1306 ipsis
610 1231 644 1286 et
668 1225 802 1287 veritati
826 1227 1020 1308 respondet,
1044 1225 1150 1288 altera
1173 1233 1225 1288 est
1249 1225 1307 1289 fal·

106 1342 253 1405 sissima.
286 1340 377 1422 Quid
408 1339 521 1405 enim?
552 1342 591 1405 In
621 1351 765 1425 utroque
790 1345 875 1408 duce
900 1345 996 1427 culpa
1020 1344 1092 1420 luit,
1117 1364 1224 1427 eaque
1248 1346 1306 1408 ad·

109 1461 254 1524 modum
289 1461 418 1543 gravis:
456 1461 609 1525 Voculae
644 1463 852 1546 negligentia
883 1463 1009 1528 factum
1041 1472 1092 1528 est
1124 1472 1160 1526 ut
1191 1463 1307 1529 Civilis

107 1581 301 1662 Batavique
336 1581 529 1663 „improvisi
560 1590 670 1645 castra
700 1581 873 1645 involare'’
905 1591 1060 1665 possent;
1086 1582 1201 1647 Civilis
1225 1592 1306 1646 ster·

107 1701 244 1777 nendis,
276 1721 362 1782 quos
393 1709 473 1763 ante
504 1700 621 1764 oculos
653 1701 812 1778 habebat,
844 1702 998 1765 hostibus
1023 1703 1122 1765 nimis
1145 1697 1306 1778 intentus,

104 1821 194 1904 quid
225 1841 245 1884 a
275 1829 372 1903 tergo
403 1819 499 1883 fieret
531 1841 599 1884 non
623 1821 929 1898 animadvertebat,
954 1842 1065 1904 neque
1088 1843 1170 1905 ergo
1195 1822 1307 1906 prohi-

105 1941 193 2004 bere
213 1941 325 2022 potuit
344 1940 525 2022 quominus
544 1961 681 2004 suorum
704 1961 827 2023 magna
847 1961 924 2024 pars
943 1941 1178 2005 trucidaretur.
1200 1941 1307 2049 Igitur

104 2060 145 2122 in
178 2067 323 2141 utroque
354 2058 440 2122 duce
469 2079 537 2122 non
561 2059 669 2123 solum
693 2059 790 2143 culpa
814 2060 875 2124 suit
900 2061 959 2123 sed
984 2061 1087 2123 etiam
1105 2072 1176 2144 par
1200 2060 1307 2145 culpa

105 2199 264 2243 summae
288 2200 411 2261 nempe
435 2179 673 2262 negligentiae.
698 2179 767 2244 Sed
791 2179 872 2244 illud
900 2181 1089 2263 „prosperis
1112 2181 1251 2244 deesse”
1273 2183 1306 2245 in

108 2320 217 2363 unum
249 2298 415 2362 Voculam
444 2300 615 2363 convenit.
641 2300 730 2363 Nam
753 2299 869 2364 Civilis
893 2301 1042 2382 quidem,
1066 2301 1229 2383 quamdiu
1255 2321 1307 2363 res

109 2439 276 2504 prospere
307 2419 374 2482 suis
406 2418 562 2494 cedebat,
595 2419 733 2483 minime
766 2419 888 2482 deluit:
920 2421 1025 2483 immo
1057 2420 1119 2483 nisi
1148 2428 1307 2503 „repente

110 2557 206 2604 novo
237 2538 363 2602 auxilio
394 2537 529 2601 fortuna
560 2536 716 2621 pugnae”
749 2549 878 2602 mutata
910 2548 1009 2615 esset,
1040 2540 1129 2622 ipsas
1157 2538 1307 2621 legiones

110 2661 348 2724 Romanorum
379 2658 558 2722 occidione
589 2657 779 2721 occidisset.
810 2657 900 2740 Quid
925 2659 1014 2720 enim
1040 2665 1091 2720 est
1119 2658 1308 2741 „prosperis

103 2777 268 2843 'deesse’'?
304 2779 353 2844 Ut
387 2779 526 2860 opinor:
560 2778 701 2841 victoria
731 2797 792 2840 sua
824 2798 890 2840 non
923 2777 1027 2852 abuti,
1059 2778 1119 2840 sed
1151 2779 1307 2841 socordia

108 2899 322 2980 mollitieque
358 2899 511 2962 hostibus
542 2898 755 2961 occasionem
788 2898 951 2981 praebere
981 2898 1201 2962 subtrahendi
1233 2919 1306 2962 sese

107 3019 274 3103 periculo
299 3015 376 3081 Hoc
400 3016 533 3081 Vocula
556 3017 744 3091 commisit;
765 3018 910 3080 etenim:
935 3037 1057 3099 „eques
1077 3018 1306 3100 (Batavorum)

108 3139 221 3202 evasit
244 3158 322 3201 cum
346 3137 450 3220 signis
470 3137 694 3219 captivisque,
714 3155 799 3218 quos
819 3137 928 3219 prima
947 3136 1020 3199 acie
1041 3137 1305 3220 corripuerant'’;

109 3277 321 3340 magnopere
353 3276 434 3338 ergo
466 3255 747 3338 reprehendenda
779 3256 850 3318 eius
882 3257 1099 3339 negligentia,
1130 3258 1157 3320 si
1190 3279 1306 3322 verum

109 3387 176 3455 est,
208 3379 302 3460 quod
331 3385 405 3440 tota
429 3377 621 3439 narratione
646 3375 813 3458 significat
836 3376 984 3452 TacituS,
1010 3397 1114 3460 penes
1139 3376 1307 3440 Voculam

108 3500 213 3562 luisse
246 3497 350 3560 etiam
381 3495 535 3576 captivos
566 3493 639 3557 illos
668 3494 831 3576 signaque
864 3515 1072 3577 recuperare.
1102 3495 1306 3559 Batavorum

107 3637 194 3682 vero
216 3617 338 3680 ducem
358 3615 479 3678 eadem
498 3613 679 3697 complecti
701 3615 950 3697 vituperatione
967 3614 1148 3676 absurdum
1164 3614 1306 3676 videtur.

163 3735 337 3799 Laudatur
363 3754 466 3816 saepe
489 3733 600 3796 Taciti
628 3732 898 3816 „psychologia'’:
926 3732 1072 3814 pectoris
1096 3732 1234 3794 humani
1258 3753 1308 3794 re·

109 3875 239 3930 cessus,
271 3855 427 3936 quamvis
457 3852 603 3928 abditos,
635 3852 715 3915 nulli
748 3849 854 3934 magis
886 3870 987 3932 quam
1012 3850 1059 3914 illi
1083 3851 1184 3914 fuisse
1207 3859 1308 3915 notos

107 3975 304 4040 communis
337 3981 388 4036 est
419 3975 587 4055 quaedam
619 3972 795 4048 hominum
826 3972 953 4054 opini0.
985 3971 1106 4053 Neque
1130 3991 1195 4053 ego
1220 3991 1307 4053 nego

107 4094 301 4159 admodum
325 4093 447 4156 multas
468 4111 512 4155 ex
531 4095 603 4156 eius
622 4092 715 4156 libris
735 4091 843 4156 afferri
865 4112 964 4175 posse
977 4092 1173 4165 sententias,
1185 4091 1308 4173 quibus

106 4219 267 4278 secretae
285 4212 461 4276 hominum
481 4211 717 4294 cogitationes
737 4231 926 4293 causaeque
947 4211 1202 4285 remotissimae,
1221 4231 1307 4293 quae

107 4333 287 4398 interdum
311 4331 355 4396 ad
381 4332 552 4413 agendum
577 4329 753 4414 impellant
777 4329 942 4404 homines,
967 4331 1096 4412 optime
1117 4328 1308 4393 describan-

107 4465 185 4518 tur.
210 4449 273 4516 Sed
301 4451 501 4534 plerumque
525 4471 566 4514 ea
588 4457 660 4512 arte
685 4449 789 4510 utitur
808 4449 851 4511 ad
873 4467 989 4511 eorum
1010 4448 1145 4532 ingenia
1165 4456 1200 4509 et
1219 4446 1310 4515 facta
