3228 5236
882 483 946 545 226

364 659 419 724 Sic
433 669 485 723 est
498 661 530 724 in
545 661 680 738 codice;
695 682 757 744 pro
770 663 874 746 ipsius
886 670 1001 725 autem
1014 661 1095 724 satis
1107 659 1292 724 audacibus
1305 658 1511 723 coniecturis

322 779 525 845 Puteolanus
548 781 755 865 republicae,
777 781 931 848 Sirkerus
950 781 1164 864 imperatoris
1184 787 1416 862 reposuerunt.
1439 776 1510 842 Sed

321 899 404 962 nihil
429 902 601 984 pravitati
630 901 735 984 ipsius
765 901 953 983 elegantius
977 900 1172 984 opponitur,
1185 886 1299 982 'quam
1324 899 1415 960 nuda
1439 917 1512 960 vox

312 1021 475 1102 fortuua;
491 1029 583 1084 recte
595 1041 677 1102 ergo
690 1021 854 1084 Ernestus
865 1021 914 1084 ad
915 1024 1097 1105 fortunam
1110 1018 1280 1102 referebat
1290 1016 1511 1080 scribendum

318 1159 392 1202 esse
423 1139 551 1214 statuit,
584 1139 852 1222 magistelloque,
886 1141 943 1222 qui
976 1140 1009 1201 in
1043 1139 1195 1221 margine
1219 1137 1386 1220 appinxit,
1409 1155 1513 1200 suum

319 1259 383 1323 sibi
406 1260 510 1342 ipsius
534 1261 756 1323 reddendum.

363 1380 407 1443 A.
444 1381 540 1456 XIV,
579 1394 629 1461 54.
666 1381 811 1462 Cognito
847 1381 910 1444 sibi
945 1401 966 1443 a
1000 1379 1209 1443 delatoribus
1243 1378 1380 1442 insidias
1414 1377 1512 1450 strui,

320 1498 451 1563 Seneca
485 1499 693 1581 colloquium
727 1519 764 1563 av
784 1499 920 1563 Nerone
955 1500 1042 1581 petit
1077 1499 1322 1581 impetratque,
1358 1496 1392 1559 in
1427 1516 1513 1578 quo,

320 1639 443 1701 gnarus
467 1639 485 1680 e
509 1619 576 1681 suis
601 1619 738 1694 divitiis,
764 1619 928 1701 potentia,
953 1617 1169 1699 eloquentiae
1189 1617 1287 1692 lama,
1309 1615 1513 1698 praesertim

321 1738 507 1821 periculum
531 1738 595 1800 sibi
620 1739 713 1801 nasci
737 1747 771 1800 et
794 1738 861 1801 alia
885 1737 967 1801 dicit
992 1746 1027 1800 et
1052 1737 1154 1800 baec:

369 1877 464 1936 ,cum
496 1877 579 1940 opes
612 1877 704 1919 meas
737 1856 823 1920 ultra
854 1857 1019 1920 sustinere
1050 1876 1118 1919 non
1144 1856 1280 1938 possim,
1306 1854 1515 1938 praesidium

321 1984 420 2058 peto:
441 1978 554 2039 iuvere
574 1984 809 2058 procuratores
826 1984 903 2039 tuos
920 1976 1157 2051 administrari,
1171 1976 1210 2038 'in
1229 1985 1324 2038 tuam
1342 1974 1516 2037 fortunam

322 2094 460 2177 recipi.”

367 2213 423 2277 Sic
454 2213 488 2276 in
520 2214 639 2277 codice
669 2234 690 2276 a
722 2213 830 2296 prima
862 2234 961 2278 manu
991 2223 1053 2290 est,
1081 2214 1188 2278 altera
1211 2214 1283 2278 iube
1306 2215 1451 2277 correxit
1477 2222 1517 2276 et

316 2348 382 2419 per
409 2335 551 2410 addidit,
579 2336 670 2397 unde
690 2355 778 2398 nunc
800 2335 998 2417 plerumque
1020 2335 1091 2398 iube
1112 2357 1181 2398 rem
1194 2354 1259 2416 per
1271 2347 1517 2418 procuratores

323 2466 396 2519 tuos
424 2453 664 2517 administrari
693 2454 814 2517 editur.
852 2453 1049 2536 Elegantius
1081 2454 1127 2516 illi
1160 2455 1218 2535 qui
1242 2455 1331 2516 istud
1357 2475 1426 2516 rem
1449 2454 1516 2536 (re)

322 2595 459 2657 quoque
484 2574 669 2649 eliminant,
691 2574 794 2656 quod,
815 2575 969 2656 proxime
989 2574 1217 2656 praecedente
1236 2586 1318 2657 opes,
1340 2573 1438 2656 plane
1459 2582 1519 2636 est

322 2714 586 2777 supervacuum;
611 2701 723 2755 utrum
747 2694 819 2756 iube
834 2705 900 2777 per
917 2706 1158 2777 procuratores
1180 2706 1252 2757 tuos
1273 2695 1520 2756 administrari

322 2835 366 2877 an
400 2813 473 2877 iube
500 2823 740 2894 procuratores
772 2824 845 2876 tuos
879 2813 1121 2876 administrare
1153 2812 1328 2895 (Ritterus)
1361 2812 1517 2894 legamus

323 2953 442 3016 parum
473 2932 585 3008 refert,
617 2932 677 2993 sed
709 2929 791 2993 illud
822 2940 962 3013 propter
993 2951 1139 3012 sequens
1162 2930 1266 3014 recipi
1288 2930 1515 3007 verisimilius,

324 3072 401 3115 nam
413 3065 479 3135 per
494 3061 574 3136 ante
580 3062 821 3134 procuratores
833 3049 930 3112 facile
943 3051 1101 3113 excidere
1114 3050 1235 3133 potuit.
1250 3050 1321 3113 lam
1336 3049 1521 3114 habemus:

328 3191 423 3252 ,cum
444 3191 527 3253 opes
548 3191 640 3233 meas
661 3169 748 3232 ultra
767 3169 932 3233 sustinere
953 3189 1020 3232 non
1042 3170 1178 3252 possim,
1193 3169 1399 3251 praesidium
1413 3177 1516 3250 peto:

327 3289 424 3369 „iube
437 3310 498 3371 per
511 3298 744 3372 procuratores
757 3297 833 3352 tuos
846 3287 1105 3352 administrari.”
1124 3289 1307 3352 Poteratne
1319 3308 1373 3350 res
1386 3289 1517 3352 maiore

321 3408 514 3472 urbanitate
545 3407 746 3490 significari?
782 3407 875 3492 Opes
898 3429 975 3472 suas
999 3408 1129 3473 Seneca
1153 3409 1258 3471 tradit
1281 3407 1428 3483 Caesari,
1451 3409 1516 3471 sed

321 3549 390 3592 non
423 3529 527 3592 utitur
549 3529 661 3604 dandi,
687 3529 740 3591 vel
765 3530 912 3593 &nandi
935 3529 1058 3604 verbis,
1082 3549 1169 3611 quae
1193 3537 1369 3610 tamquam
1393 3537 1517 3591 contu·

320 3651 437 3716 melias
459 3652 614 3734 accipere
636 3650 727 3713 Nero
748 3659 893 3733 poterat.
919 3650 965 3713 Et
985 3659 1109 3724 tamen,
1131 3650 1157 3711 si
1178 3669 1256 3712 suos
1276 3657 1517 3730 procuratores

320 3791 377 3834 eas
409 3771 644 3834 administrare
677 3768 788 3843 iubet,
829 3770 875 3832 nil
906 3769 997 3832 aliud
1030 3787 1131 3850 quam
1164 3769 1256 3831 dono
1287 3789 1345 3831 eas
1376 3769 1515 3851 accipit.

320 3890 412 3970 Ergo
437 3910 514 3953 cum
538 3889 699 3972 loquendi
725 3888 917 3953 urbanitate
941 3908 1108 3951 summam
1133 3889 1241 3969 iungit
1266 3885 1396 3951 Seneca
1420 3907 1515 3951 acer·

320 4007 474 4072 bitatem.
511 4006 579 4071 Sed
612 4009 699 4089 perit
730 4027 832 4071 omne
863 4007 1024 4070 orationis
1055 4006 1243 4080 artificium,
1276 4007 1303 4068 si
1336 4015 1516 4088 praeterea

322 4129 450 4216 aliquid
483 4126 621 4188 additur
651 4126 758 4188 simile
784 4127 855 4190 istis
878 4128 912 4189 in
935 4139 1027 4191 tuam
1044 4128 1226 4209 fortunam
1251 4125 1363 4209 recipi,
1388 4127 1515 4208 quibus

321 4249 403 4313 olim
436 4244 642 4327 magistellus
673 4245 854 4310 lectionem
879 4247 951 4310 iube
967 4259 1033 4330 per
1049 4255 1289 4328 procuratores
1311 4257 1383 4310 tuos
1405 4245 1514 4309 admi·

323 4367 469 4430 uis'trarc'
497 4363 685 4428 illustravit.
722 4365 778 4428 An
810 4386 1007 4428 censeamus
1037 4365 1080 4428 de
1108 4365 1272 4428 industria
1301 4365 1385 4429 haec
1414 4365 1462 4429 sic
1491 4385 1514 4428 a

321 4486 443 4548 Tacito
466 4485 577 4568 posita
601 4505 685 4562 esse,
708 4494 746 4548 ut
769 4487 933 4548 sermonis
956 4485 1160 4558 ubertatem,
1184 4504 1252 4565 quo
1277 4485 1513 4548 inscribendo
