3228 5236
864 1347 978 1411 XVII.

376 1595 617 1659 Dubitaturum
631 1598 697 1660 iam
711 1597 833 1679 opinor
845 1598 1026 1670 neminem,
1037 1596 1094 1677 qui
1108 1596 1191 1658 haec
1204 1595 1318 1658 omnia
1331 1595 1530 1678 perlegerit,

331 1717 412 1797 quin
437 1724 578 1798 uterque
603 1718 714 1780 codex
735 1717 910 1780 Mediceus
931 1715 1055 1790 multis,
1076 1717 1184 1799 iisque
1204 1715 1460 1790 absurdissimis,
1483 1717 1534 1778 sit

331 1835 597 1898 commaculatus
621 1837 874 1899 additamentis.
900 1834 1011 1918 Saepe
1036 1835 1143 1917 ipsam
1169 1834 1348 1917 magistelli
1368 1836 1533 1898 audimus

332 1975 451 2018 vocem
464 1954 651 2030 stridulam,
666 1955 855 2019 doctrinam
869 1975 963 2018 suam
976 1954 1167 2036 legentibus
1181 1955 1398 2030 venditantis,
1414 1973 1533 2036 neque

333 2094 408 2136 raro
428 2073 601 2136 librarium
621 2075 655 2135 in
675 2075 750 2156 ipso
763 2073 987 2137 transferendi
1001 2075 1140 2156 negotio
1154 2083 1323 2137 errantem
1337 2072 1533 2156 deprehen·

332 2194 453 2268 dimus,
478 2214 547 2274 quo
572 2193 699 2256 nullum
724 2203 775 2256 est
799 2195 923 2257 certius
946 2195 1003 2269 rei,
1030 2215 1132 2275 quam
1157 2195 1390 2258 demonstrare
1410 2196 1532 2257 conati

331 2332 456 2386 sumus,
480 2312 651 2376 indicium.
678 2312 757 2378 Sine
782 2312 850 2376 ullo
875 2334 955 2396 ergo
980 2322 1082 2388 metu,
1107 2313 1133 2375 si
1153 2314 1212 2395 qui
1232 2313 1326 2376 locus
1346 2322 1532 2394 corruptus

332 2451 400 2495 uno
431 2430 606 2515 alteroque
637 2432 804 2496 vocabulo
835 2433 1018 2497 eximendo
1042 2433 1152 2496 sanari
1178 2440 1301 2515 potest,
1326 2452 1366 2495 ea
1391 2433 1532 2495 medela

332 2559 474 2625 utemur,
496 2571 572 2614 cum
594 2553 791 2634 praesertim
809 2552 975 2615 vocabula
988 2551 1043 2615 illa
1056 2552 1218 2634 pleraque
1231 2552 1345 2614 omnia
1358 2551 1530 2615 eiusmodi

332 2672 399 2734 sint
423 2681 460 2734 ut
486 2671 531 2733 ibi
556 2691 693 2753 quoque
714 2672 859 2734 eandem
880 2691 1103 2754 agnoscamus
1123 2670 1303 2734 sciolorum
1324 2671 1530 2753 importuni-

333 2799 455 2865 tatem,
481 2791 627 2853 eundem
651 2791 837 2853 scribarum
861 2811 1020 2853 errorem.
1057 2789 1145 2853 Nam
1172 2790 1345 2853 vocabulis
1369 2789 1530 2853 delendis

332 2909 488 2990 scriptori
520 2929 622 2991 opem
655 2909 740 2973 serre
764 2930 959 2992 perversum
984 2918 1044 2983 est,
1071 2909 1132 2971 nisi
1158 2910 1391 2972 demonstrare
1416 2911 1530 2990 possis

332 3026 512 3090 verisimile
537 3048 608 3090 esse
629 3048 669 3090 ea
687 3028 872 3110 aliquando
891 3029 924 3091 in
946 3028 1097 3109 margine
1118 3027 1170 3090 vel
1192 3026 1403 3090 interlineas
1423 3027 1529 3091 t'uisse

332 3148 488 3228 appicta;
506 3146 570 3209 hoc
589 3167 670 3209 vero
689 3147 746 3211 ubi
763 3157 906 3223 constat,
925 3147 1015 3210 nulla
1031 3156 1081 3210 est
1099 3145 1151 3210 vel
1169 3146 1337 3209 efficacior
1350 3147 1403 3208 vel
1417 3147 1530 3230 magis
1602 3171 1603 3184 ¹

332 3265 518 3347 probabilis
549 3268 754 3330 emendandi
786 3269 882 3331 ratio.
920 3267 985 3329 Hic
1017 3287 1153 3348 quoque
1184 3287 1205 3329 a
1228 3267 1386 3329 Mediceo
1411 3267 1529 3349 priore

331 3384 492 3448 iaciemus
515 3385 658 3462 initium,
684 3387 741 3467 qui
767 3406 843 3449 cum
869 3386 1008 3449 omnino
1033 3386 1248 3469 paucioribus
1271 3385 1403 3448 laboret
1422 3386 1528 3462 vitiis,

329 3514 402 3568 tum
426 3505 524 3568 huius
548 3527 684 3588 quoque
709 3507 818 3570 morbi
843 3527 911 3570 non
936 3510 983 3569 ita
1009 3507 1115 3569 multa
1139 3506 1279 3589 praebet
1304 3506 1474 3589 exempla.

373 3623 417 3687 A.
439 3625 463 3699 I,
492 3640 520 3705 5.
547 3625 650 3688 Paulo
673 3625 806 3708 longior
830 3626 911 3689 mihi
936 3627 990 3688 hic
1014 3627 1108 3688 locus
1132 3624 1375 3689 exscribendus
1399 3634 1467 3689 cst:

375 3743 489 3824 „Haec
513 3755 616 3827 atque
637 3745 718 3810 talia
737 3746 946 3829 agitantibus
965 3745 1164 3827 gravescere
1185 3745 1337 3808 valitudo
1358 3746 1526 3828 Augusti3

327 3872 362 3927 et
380 3865 517 3946 quidam
536 3866 646 3929 scelus
659 3867 773 3929 uxoris
785 3866 1039 3948 suspectabant.
1053 3865 1189 3947 Quippe
1203 3886 1318 3928 rumor
1329 3867 1527 3942 incesserat,

328 4004 453 4066 paucos
466 3993 544 4047 ante
558 4006 691 4048 menses
700 3986 894 4068 Augustum
906 3986 1024 4049 electis
1036 3986 1135 4048 sociis
1148 3994 1182 4047 et
1195 3987 1320 4049 comite
1334 4007 1401 4050 uno
1413 3986 1528 4049 Fabio

329 4103 481 4167 Maximo
495 4103 683 4166 Planasiam
698 4116 833 4169 vectum
846 4108 888 4168 ad
904 4105 1081 4170 visendum
1096 4104 1304 4187 Agrippam
1320 4106 1442 4169 multas
1454 4105 1526 4168 illic

328 4225 498 4305 utrimque
523 4222 677 4287 lacrimas
702 4235 737 4288 et
760 4227 856 4308 signa
880 4227 1038 4299 caritatis,
1061 4243 1225 4306 spemque
1247 4245 1362 4300 exeo,
1383 4225 1461 4298 sore,
1484 4233 1526 4286 ut

329 4342 459 4404 iuvenis
472 4341 652 4423 penatibus
665 4345 719 4406 avi
733 4347 939 4409 redderetur.
954 4344 1054 4426 Quod
1066 4343 1254 4406 Maximum
1268 4346 1364 4408 uxori
1376 4342 1526 4407 Marciae

328 4460 508 4541 aperuisse,
530 4461 621 4524 illam
642 4463 771 4527 Liviae.
793 4465 943 4529 Gnarum
964 4465 997 4527 id
1020 4463 1172 4540 Caesari;
1193 4483 1303 4546 neque
1325 4465 1431 4528 multo
1443 4473 1525 4544 post
