3248 5230
883 423 947 504 276

311 618 413 680 quam
449 599 622 662 adiuvant.
658 597 786 681 Segnes
822 619 903 663 vero
939 598 1042 682 quid?
1074 599 1129 674 Vi,
1164 599 1272 674 minis,
1307 619 1418 682 poena

313 720 467 802 cogimm,
499 719 561 782 nisi
593 719 883 783 admonitionibus
912 721 1035 784 nostris
1066 740 1181 784 aurem
1212 718 1388 802 praebent.
1413 719 1505 802 Ergo

315 859 377 921 pro
408 847 554 902 coircere
585 839 638 901 hic
669 857 784 922 cogere
813 839 899 921 lege.
925 840 1009 902 Boni
1034 841 1247 923 imperatoris
1271 847 1322 902 est
1346 838 1506 920 exemplo

316 958 455 1020 incitare
476 977 605 1040 segnes,
627 967 694 1032 aut,
715 960 742 1020 si
763 960 796 1020 in
818 957 976 1041 exemplo
998 959 1156 1041 praesidii
1177 978 1297 1041 parum
1310 967 1371 1033 est,
1385 979 1508 1041 cogere,

316 1079 408 1160 quod
429 1077 477 1140 sic
497 1076 651 1140 absolute
672 1077 820 1160 positum
841 1079 976 1160 egregie
989 1097 1067 1140 cum
1080 1078 1136 1140 illo
1154 1077 1331 1160 ,exemplo
1345 1076 1507 1140 incitare”

317 1199 532 1281 coniungitur
554 1197 597 1261 ad
624 1205 732 1260 totam
757 1198 958 1281 Vespasiani
982 1199 1148 1262 rationem
1173 1197 1437 1282 depingendam.

365 1405 407 1468 H.
429 1405 471 1480 11,
493 1407 545 1489 87.
572 1405 727 1469 Foedum
748 1405 837 1469 istud
857 1425 989 1488 agmen,
1012 1425 1079 1488 quo
1093 1405 1252 1468 Vitellius
1271 1405 1390 1467 utbem
1412 1405 1511 1487 petit,

320 1533 356 1588 et
379 1525 452 1588 aliis
476 1533 511 1587 et
535 1525 586 1619 liis
610 1525 812 1589 describitur
836 1525 968 1587 verbis:

368 1642 572 1726 ,Sexaginta
593 1642 685 1707 milia
703 1652 909 1718 armatorum
930 1644 1169 1726 sequebantur,
1188 1643 1324 1706 licentia
1336 1651 1513 1725 corrupta;

320 1762 478 1827 calonum
509 1783 668 1827 numerus
699 1763 853 1846 amplior,
885 1765 1131 1846 procacissimis
1160 1765 1263 1826 etiam
1288 1765 1376 1826 inter
1399 1783 1518 1826 servos

320 1881 466 1946 lixarum
490 1881 667 1964 ingeniis.”

367 2001 459 2064 Vera
483 2001 580 2064 huius
603 2000 668 2063 loci
693 2002 830 2083 cognita
854 2000 1001 2066 lectione
1025 2038 1069 2048 —
1093 2022 1172 2064 nam
1195 2003 1222 2064 si
1245 2001 1342 2076 ullus,
1367 2002 1421 2064 hic
1445 2021 1519 2064 cer·

322 2120 452 2184 tissima
482 2129 534 2183 est
565 2120 804 2184 emendatione
836 2123 1011 2184 restitutus
1038 2157 1082 2168 -
1106 2121 1224 2185 doctas
1256 2121 1381 2184 ridebis
1411 2140 1520 2184 anno·

323 2241 480 2315 tationes,
505 2240 614 2323 qualis
637 2250 688 2305 est
712 2241 795 2304 haec
820 2241 910 2323 apud
936 2239 1118 2304 Orellium:

372 2342 495 2440 ‚Issixas
518 2359 642 2423 liberos
667 2360 820 2423 homines
844 2359 954 2434 fuisse,
979 2361 1042 2423 rite
1066 2361 1204 2442 colligas
1228 2381 1272 2423 ex
1295 2360 1387 2424 Ann.
1409 2359 1455 2435 Il,
1476 2361 1520 2423 62

324 2479 460 2562 (citatur
489 2479 606 2563 locus).
639 2480 688 2542 At
716 2480 805 2542 lixae
828 2499 976 2562 quoque,
1001 2488 1037 2542 ut
1061 2479 1116 2544 hic
1139 2480 1245 2554 vides,
1270 2480 1449 2562 mancipiis
1475 2480 1522 2542 ob

324 2599 426 2662 vilem
447 2608 625 2681 quaestum
645 2620 684 2662 ac
705 2619 816 2662 mores
836 2618 997 2681 procaces
1013 2597 1352 2681 aequiparabantur.”
1375 2598 1520 2674 Verum,

324 2738 346 2780 0
367 2719 467 2794 bone,
488 2720 515 2782 si
526 2701 636 2782 'sanus
656 2719 710 2781 hic
729 2717 833 2793 locuS,
855 2739 922 2781 non
942 2720 1207 2802 aequiparantur
1227 2718 1405 2800 mancipiis
1417 2717 1521 2793 lixae,

324 2839 384 2900 sed
416 2838 517 2921 plane
548 2839 587 2900 iis
618 2838 893 2913 adnumerantur,
926 2847 1100 2919 tamquam
1131 2838 1158 2900 si
1191 2837 1234 2900 de
1263 2836 1374 2899 servili
1399 2856 1521 2900 eorum

325 2963 416 3018 statu
450 2956 541 3018 nulla
577 2977 726 3038 unquam
760 2959 849 3021 inter
884 2957 1038 3019 homines
1068 2956 1167 3019 suerit
1199 2956 1379 3019 dubitatio.
1412 2955 1461 3018 Et
1494 2957 1520 3018 si

325 3076 533 3159 procacitate
565 3096 695 3139 morum
727 3096 861 3159 semper
892 3075 1060 3138 vilissimis
1090 3084 1168 3138 sunt
1199 3095 1297 3157 pares
1328 3076 1521 3158 mancipiis,

325 3193 417 3256 nulla
440 3202 492 3256 est
515 3195 548 3256 in
573 3193 713 3257 Vitellio
736 3194 845 3278 culpa,
870 3197 897 3258 si
922 3215 990 3258 non
1015 3194 1276 3257 modestioribus
1300 3193 1445 3256 iis-usus
1471 3202 1523 3257 est

327 3313 497 3375 ministris.
529 3313 637 3376 Vides
671 3335 689 3377 e
724 3316 849 3377 tradita
881 3313 1027 3376 lectione
1059 3314 1197 3388 nullum,
1229 3315 1354 3376 nedum
1385 3323 1521 3395 aptum,

322 3451 458 3494 sensum
482 3431 550 3494 ullo
576 3432 678 3495 modo
703 3432 835 3495 extrahi
860 3453 968 3514 posse,
994 3434 1054 3496 sed
1079 3433 1249 3496 lenissima
1273 3433 1520 3497 emendatione

322 3559 499 3614 revocatur
529 3552 563 3614 id
595 3553 688 3633 quod
712 3553 810 3615 unice
835 3553 868 3614 in
893 3552 982 3615 hunc
1006 3550 1118 3615 locum
1144 3552 1336 3626 conveniat,
1361 3551 1395 3613 id
1422 3553 1519 3634 quod

319 3671 430 3754 ipsum
463 3670 685 3734 Vitellianum
716 3691 837 3753 agmen
869 3669 1061 3752 legentibus
1093 3679 1199 3754 ponat
1222 3679 1301 3734 ante
1326 3669 1460 3748 oculos,
1486 3673 1519 3735 id

321 3789 469 3871 denique
492 3792 585 3872 quod
610 3791 691 3872 quin
715 3811 735 3853 a
758 3790 879 3854 Tacito
903 3792 1067 3873 scriptum
1091 3791 1135 3852 sit
1159 3790 1301 3873 posthac
1326 3789 1393 3852 iam
1415 3812 1520 3856 nemo

321 3910 364 3972 sit
396 3909 619 3973 dubitaturus.
652 3911 716 3972 Pro
747 3911 846 3973 etiam
877 3911 964 3973 inter
996 3931 1108 3972 servos
1132 3908 1315 3992 legendum
1339 3918 1391 3972 est
1415 3913 1519 3976 ctiam

323 4029 410 4093 inter
432 4051 561 4093 severos
576 4028 608 4111 ¹).
641 4030 694 4092 En
718 4030 791 4112 ipsa
815 4029 914 4093 nobis
938 4030 1072 4093 reddita
1097 4029 1207 4092 Taciti
1232 4033 1366 4092 manus!
1401 4029 1519 4094 Etiam

322 4149 356 4210 in
388 4168 507 4210 severo
539 4148 761 4228 modesteque
793 4148 911 4212 habito
942 4150 1093 4212 exercitu
1124 4168 1283 4231 procaces
1306 4147 1397 4211 lixae
1420 4159 1520 4224 sunt;

361 4342 387 4408 1)
412 4342 660 4392 Praestantissimam
684 4345 895 4395 emendationem
919 4352 1052 4410 acceptam
1078 4345 1160 4395 resero
1185 4344 1331 4410 Leopoldio
1357 4362 1416 4396 meo
1440 4363 1516 4414 quem

324 4429 401 4478 toties
420 4429 480 4492 iam,
501 4438 528 4478 ut
548 4445 593 4493 par
611 4439 674 4496 erat,
693 4431 806 4481 laudavi.
