3228 5236
913 430 975 491 218

396 619 424 686 5.
453 605 544 684 ,Nec
569 605 765 668 Tacfarinas
788 627 938 688 pugnam
962 606 1200 670 detrectavit.”

344 769 348 775 -
392 726 423 788 6.
452 726 552 805 ,Fusi
577 725 780 790 Numidae.’'

393 845 515 907 Parum
536 865 618 928 ergo
637 855 718 929 apte
736 855 809 910 tota
831 855 882 909 est
901 849 1067 929 disposita
1087 847 1245 910 narratio.
1271 847 1372 922 Nam,
1392 855 1430 908 ut
1452 819 1537 910 nunc

349 985 401 1027 res
434 985 470 1027 se
502 966 617 1041 habet,
642 967 676 1029 id
701 967 792 1048 quod
818 968 921 1029 tertio
945 975 997 1029 est
1022 968 1169 1049 positum
1193 966 1271 1029 loco
1295 967 1361 1048 (spe
1383 967 1538 1030 uictoriae

348 1087 475 1149 inducti
504 1098 582 1150 sunt
609 1098 646 1150 ut
666 1087 888 1168 vincerentur)
914 1086 1004 1150 illam
1029 1088 1063 1150 in
1088 1086 1191 1148 breve
1216 1086 1364 1168 spatium
1388 1106 1538 1167 compre·

349 1205 479 1280 hendit,
504 1206 558 1268 vel
583 1207 695 1288 potius
720 1207 801 1286 quid
830 1205 961 1286 „fabula
985 1205 1129 1270 doceat”
1154 1225 1215 1268 nos
1239 1206 1412 1279 admonet,
1437 1213 1537 1286 atque

349 1333 385 1387 ut
399 1325 518 1406 quinta
531 1346 608 1407 pars
622 1325 702 1406 (Nec
719 1326 750 1388 Τ
749 1374 756 1388 .
764 1337 915 1408 pugnam
927 1327 1132 1408 detrectavit)
1146 1325 1247 1407 plane
1260 1325 1319 1387 fiat
1332 1344 1538 1407 supervacua

348 1445 463 1506 efficit.
499 1443 588 1526 Quid
623 1465 703 1508 vero
734 1446 761 1507 si
793 1445 874 1508 illud
905 1457 961 1528 spe
983 1446 1141 1509 victoriae
1163 1445 1290 1508 inducti
1311 1456 1386 1508 sunt
1409 1456 1447 1507 ut
1470 1445 1536 1506 vin·

349 1576 503 1627 cerentur
526 1562 698 1626 eiicimus?
730 1563 864 1638 Omnia,
888 1573 926 1626 ut
950 1565 1081 1646 opinor,
1106 1563 1190 1627 fiunt
1215 1564 1482 1646 expeditissima,
1505 1571 1536 1624 et

350 1682 601 1764 elegantissime
625 1685 818 1747 decurrunt.
844 1683 890 1745 Et
913 1703 1119 1765 quamquam
1143 1683 1224 1746 satis
1248 1691 1389 1745 venuste
1410 1683 1536 1745 dictum

349 1802 383 1865 id
403 1811 454 1865 est
473 1803 565 1884 quod
585 1823 646 1866 nos
666 1803 915 1886 proscribimus
930 1804 1087 1885 putidum
1100 1811 1215 1866 tamen
1228 1805 1317 1885 sapit
1330 1803 1535 1884 magistrum.

395 1921 439 1984 A.
466 1922 526 1984 Vl.
553 1941 583 2003 3.
612 1924 765 2002 ,lunium
786 1921 987 1998 Gallionem,
1008 1924 1066 2004 qui
1086 1931 1273 1998 censuerat,
1287 1931 1324 1984 nt
1336 1922 1537 2004 praetoriani

347 2041 433 2104 actis
464 2042 642 2124 stipendiis
675 2044 724 2105 ius
755 2043 987 2124 apiscerentur
1010 2045 1043 2105 in
1068 2043 1341 2125 quattuordecim
1366 2041 1539 2104 ordinibus

347 2163 501 2236 sedendi,
527 2162 693 2225 violenter
718 2164 884 2245 increpuit
908 2163 1098 2245 (Tiberius),
1123 2163 1216 2225 velut
1240 2181 1354 2224 coram
1380 2163 1536 2244 rogitans,

348 2281 430 2363 quid
460 2281 507 2344 illi
532 2301 608 2344 curn
633 2282 806 2357 militibus,
831 2303 916 2364 quos
940 2303 1050 2364 neque
1075 2282 1167 2344 dicta
1190 2282 1404 2363 imperatoris
1429 2301 1536 2362 neque

349 2401 500 2482 praemia
524 2401 587 2462 nisi
611 2401 654 2463 ab
680 2401 884 2482 imperatore
908 2402 1063 2483 accipere
1087 2421 1148 2482 par
1171 2398 1292 2462 esset.”

393 2517 449 2582 Sic
470 2520 568 2582 estin
582 2522 717 2596 codice;
734 2521 868 2603 Lipsius
879 2521 1093 2604 imperatoris
1106 2519 1214 2594 delet;
1230 2519 1311 2581 mihi
1324 2519 1535 2582 verisimilius

348 2639 482 2702 videtur
503 2640 660 2704 Taciturn
681 2642 870 2724 scripsisse:
896 2661 999 2722 „quos
1020 2659 1130 2722 neque
1151 2640 1243 2703 dicta
1264 2615 1374 2721 neoue
1388 2640 1535 2721 praemia

348 2759 410 2820 nisi
423 2760 637 2840 imperatoris
649 2761 803 2843 accipere
816 2781 877 2842 par
889 2759 1010 2834 esset”,
1025 2759 1115 2841 quod
1131 2779 1207 2822 cum
1220 2759 1263 2821 ad
1278 2758 1535 2841 intelligendum

347 2879 449 2959 paulo
474 2879 645 2942 videretur
669 2880 836 2942 difficilius
859 2881 893 2942 in
918 2881 1069 2962 margine
1093 2887 1295 2942 annotatum
1319 2898 1393 2940 esse
1417 2878 1458 2941 ab
1477 2878 1535 2940 im·

340 3007 499 3078 peratore
518 3000 560 3062 ad
581 3007 784 3096 structuram
806 3000 912 3081 magis
931 3007 1129 3062 consuetam
1142 2999 1377 3073 indicandam;
1393 3017 1535 3078 cumque

345 3117 451 3180 semel
481 3137 521 3181 ea
545 3119 722 3180 annotatio
747 3127 825 3200 post
848 3119 915 3180 nisi
937 3119 970 3180 in
995 3125 1092 3180 textu
1118 3125 1206 3180 esset
1229 3118 1351 3199 posita,
1376 3137 1438 3179 suo
1461 3117 1535 3179 loco

347 3235 481 3319 pulsum
512 3239 726 3319 imperatoris
757 3239 790 3299 in
824 3238 970 3301 alienum
1002 3238 1186 3300 aberrasse.
1219 3235 1295 3299 Hoc
1327 3245 1456 3299 certum
1484 3243 1535 3296 est

307 3432 310 3438 ¹
349 3375 416 3417 non
448 3375 547 3437 posse
580 3358 689 3419 sanari
721 3356 833 3420 locum
858 3357 921 3419 nisi
947 3377 1014 3419 uno
1038 3356 1233 3438 pluribusve
1258 3355 1432 3418 vocabulis
1456 3353 1535 3415 reci·

347 3475 486 3538 dendis:
513 3477 639 3538 nemini
663 3477 753 3539 enim
778 3476 915 3558 probari
939 3477 1061 3559 opinor
1084 3476 1138 3537 vel
1160 3474 1453 3557 Nipperdeianum
1473 3472 1538 3534 nui

346 3598 565 3679 epraetorco,
591 3571 895 3659 vel'Ritterianum
920 3597 1069 3679 imperiti
1090 3597 1247 3658 oratoris.

391 3716 449 3779 Ad
473 3717 617 3779 alterum
642 3736 731 3779 nunc
757 3716 911 3779 codicem
937 3715 1130 3777 Mediceum
1154 3723 1373 3776 transeamus.

392 3837 435 3899 A.
469 3837 529 3912 XI,
561 3855 592 3914 4.
626 3834 702 3917 Quo
727 3835 866 3897 crimine
890 3833 1040 3906 fratrum,
1065 3833 1188 3914 quibus
1213 3832 1311 3895 Petra
1335 3848 1532 3913 cognomen,

346 3957 431 4021 alter
455 3957 593 4039 perierit
618 3958 669 4019 his
693 3953 806 4018 verbis
828 3955 989 4017 traditur:

395 4077 610 4156 „Nocturnae
652 4076 776 4158 quietis
815 4075 945 4157 species
986 4074 1141 4148 obiecta,
1181 4080 1356 4153 tamquam
1397 4070 1533 4132 vidisset

346 4197 524 4262 Claudium
565 4195 679 4276 spicea
713 4215 839 4258 corona
874 4196 1047 4257 evinctum
1082 4194 1187 4276 spicis
1221 4201 1312 4254 retro
1348 4189 1531 4262 conversiS,

347 4336 456 4397 eaque
480 4315 627 4396 imagine
651 4316 853 4395 gravitatem
878 4335 1034 4378 annonae
1058 4311 1233 4376 dixisset.’'

392 4434 448 4497 Sic
479 4443 531 4496 est
562 4435 595 4496 in
628 4435 758 4497 codice.
790 4434 854 4497 Pro
881 4435 1021 4498 dixisset
1043 4443 1157 4496 autem
1183 4430 1367 4495 Rhenanus
1390 4428 1531 4492 coniecit
