3228 5236
666 477 725 546 Ι73

104 645 187 708 aliud
221 645 353 709 externi
386 665 491 727 reges,
524 652 582 707 aut
613 645 670 727 qui
701 645 822 708 cadem
853 646 995 708 saevitia
1029 646 1079 707 usi
1111 653 1199 720 sunt,
1226 644 1287 706 nisi

104 767 245 830 dedecus
268 766 332 829 sibi
356 774 460 848 atquc
484 766 549 829 illis
571 765 713 848 gloriam
738 765 935 849 peperere.”

142 885 287 967 intelligi
319 884 402 948 haec
436 883 619 966 nequeunt,
651 885 713 947 nisi
738 883 852 966 aliquo
877 885 980 946 modo
1004 885 1147 948 efficitur
1171 893 1208 947 ut
1232 904 1289 947 ex·

103 1005 183 1066 terni
207 1024 304 1086 reges
329 1003 590 1086 imperatoribus
615 1003 847 1067 Romanorum
872 1003 1064 1066 crudelibus
1083 1015 1290 1086 opponantur

104 1123 176 1185 Fiet
198 1121 280 1185 illud
305 1123 330 1184 si
354 1135 415 1186 aut
437 1120 621 1184 delebitur:
647 1123 778 1188 externi
804 1143 899 1204 reges
923 1123 980 1204 qui
1005 1122 1126 1185 eadem
1149 1123 1291 1186 saevitia

102 1243 148 1304 usi
181 1251 269 1316 sunt,
305 1242 426 1304 eadem
458 1241 586 1304 scilicet
618 1241 768 1315 saevitia,
801 1242 895 1303 cuius
926 1261 1015 1304 nunc
1046 1242 1290 1305 documentum

102 1362 193 1424 dedit
223 1360 379 1424 Tiberius
409 1369 444 1424 et
474 1369 593 1444 postea
617 1361 727 1424 daturi
752 1370 848 1424 erant
872 1371 907 1424 et
931 1362 986 1424 alii
1011 1363 1233 1444 imperatores
1256 1371 1290 1424 et

103 1501 179 1560 prae
213 1483 335 1544 ceteris
370 1481 602 1543 Domitianus:
647 1501 725 1544 nam
769 1481 1069 1562 (quemadmodum
1105 1483 1290 1546 rectissime

100 1599 257 1663 observat
288 1601 481 1682 Furneaux)
509 1600 551 1662 de
576 1599 640 1663 hoc
665 1601 862 1682 praesertim
886 1601 1015 1682 cogitat
1038 1600 1187 1677 TacituS,
1211 1622 1289 1665 cunr

101 1739 213 1782 eorum
249 1719 366 1782 irridet
400 1720 602 1794 socordiam,
639 1721 695 1800 qui
731 1721 901 1801 praesenti
933 1721 1088 1801 potentia
1119 1721 1292 1803 sequentis

100 1839 172 1900 aevi
194 1841 392 1902 memoriam
411 1839 563 1920 extingui
585 1859 684 1921 posse
704 1839 931 1902 crediderunt.
952 1839 1033 1902 Post
1049 1841 1291 1921 imperatorum

102 1957 341 2032 Romanorum,
366 1979 510 2040 quorum
534 1979 657 2040 agmen
682 1958 808 2022 claudit
833 1958 1059 2034 Domitianus,
1085 1979 1293 2024 commemo·

101 2078 274 2152 rationem,
295 2078 539 2141 transeundum
558 2086 610 2140 est
629 2079 671 2140 ad
693 2085 857 2158 tyrannos
876 2087 1067 2154 extraneos,
1085 2099 1152 2141 non
1169 2079 1291 2143 iterum

101 2196 308 2259 redeundum
341 2197 383 2259 ad
416 2180 627 2259 domesticos
653 2217 764 2278 reges;
790 2197 881 2276 quod
907 2195 954 2270 fir,
979 2198 1007 2259 si
1030 2208 1090 2261 aut
1117 2199 1290 2264 retinetur.

103 2315 189 2377 Nam
231 2315 367 2397 probari
407 2314 669 2397 haudquaquam
709 2323 822 2396 potest
862 2315 1061 2396 Nipperdeii
1093 2319 1290 2381 annotatio:

104 2434 226 2514 ,durch
246 2436 308 2498 das
327 2435 516 2498 trennende
535 2446 595 2498 aut
614 2441 752 2516 erganzt
772 2435 843 2497 sich
857 2435 910 2497 ein
923 2436 1017 2518 apud
1026 2455 1083 2498 nos
1095 2436 1143 2498 als
1157 2437 1290 2519 Gegen·

101 2565 170 2617 satz
194 2576 232 2618 zu
256 2557 387 2619 externi
409 2574 475 2617 von
500 2553 639 2617 selbst.''
670 2553 767 2616 Talia
790 2554 880 2616 enirn
905 2555 931 2616 si
955 2566 1065 2637 sponte
1083 2557 1287 2639 supplentur,

101 2671 190 2737 nulla
209 2695 278 2737 non
296 2675 442 2737 cuiusvis
454 2673 642 2736 sententiae
655 2693 732 2754 pars
744 2674 883 2754 impune
896 2673 1008 2736 omitti
1022 2683 1146 2755 potest.
1160 2674 1290 2756 Quodsi

101 2795 174 2876 quis
193 2815 262 2858 non
282 2793 396 2868 talem,
417 2794 551 2876 qualem
572 2801 606 2856 ct
628 2793 809 2855 Furneaux
828 2801 863 2854 et
881 2793 1108 2875 Nipperdeius
1126 2803 1290 2869 statuunt,

101 2915 351 2995 oppositionem
371 2913 425 2976 hic
445 2913 535 2976 cerni
556 2912 744 2986 contendit,
765 2913 792 2974 is
812 2913 945 2986 doceat,
967 2913 1023 2994 qui
1041 2933 1122 2994 ergo
1136 2913 1290 2977 homines

101 3032 210 3096 verbis
233 3033 292 3114 qui
313 3033 424 3095 eadem
447 3032 586 3095 saevitia
611 3032 664 3093 usi
685 3043 761 3094 sunt
784 3029 1024 3112 significentur.

146 3272 187 3336 A.
213 3271 275 3347 lV,
303 3290 353 3354 39.
386 3269 543 3334 Livillam
575 3270 639 3331 sibi
669 3289 810 3331 uxorem
834 3288 853 3330 a
877 3269 1016 3332 Tiberio
1040 3271 1126 3352 petit
1151 3269 1292 3337 Seianus

102 3399 136 3453 et
158 3392 230 3455 aliis
255 3391 462 3473 argumentis
486 3408 564 3452 usus
587 3397 621 3450 et
646 3387 727 3451 hoc:

148 3510 335 3592 „Quoniam
354 3509 522 3572 audiverit
544 3507 735 3589 Augustum
754 3507 787 3569 in
809 3507 1019 3570 conlocanda
1040 3507 1108 3570 lilia
1125 3529 1191 3571 non
1211 3509 1292 3572 nihil

102 3631 201 3693 etiarn
239 3630 281 3692 de
317 3629 487 3711 equitibus
522 3627 686 3690 Romanis
717 3625 970 3699 consultavisse,
1003 3626 1059 3699 ita,
1092 3627 1119 3687 si
1153 3628 1291 3689 maritus

102 3749 217 3812 Liviae
250 3755 477 3830 quaereretur,
509 3745 651 3809 haberet
684 3745 717 3806 in
746 3743 859 3804 animo
883 3743 1028 3805 amicum
1052 3743 1125 3807 sola
1148 3745 1291 3806 necessi·

101 3869 226 3932 tudinis
248 3867 355 3949 gloria
378 3864 547 3928 usurum.”

144 3987 228 4069 Quis
253 4006 400 4068 unquam
426 3986 510 4048 vidit
535 3986 622 4047 inter
646 4003 681 4045 se
706 3981 911 4063 respondere
934 3981 1190 4044 coniunctiones
1214 4003 1289 4064 quo·

102 4109 188 4170 niam
213 4115 248 4168 et
271 4107 343 4170 ital
366 4105 453 4167 Tam
477 4102 674 4167 incredibile
701 4101 781 4164 mihi
803 4099 884 4165 illud
905 4102 1040 4165 videtur
1059 4110 1096 4165 ut
1116 4101 1197 4183 quin
1217 4122 1289 4166 cor·

102 4235 216 4308 ruptus
246 4227 290 4289 sit
320 4225 413 4290 locus
441 4245 508 4288 non
533 4225 698 4288 dubitem.
723 4223 768 4285 Et
792 4222 948 4286 facillime
973 4224 1142 4306 corrumpi
1167 4223 1288 4304 potuit.

103 4343 239 4428 Scripsit
260 4346 351 4408 enirn
374 4367 427 4408 me
448 4346 558 4408 iudice
578 4344 716 4408 Tacitus
737 4363 803 4406 non
823 4344 976 4425 quoniam
995 4364 1109 4408 verum
1122 4343 1288 4424 quomodo,

102 4475 136 4528 et
167 4466 274 4529 nullus
305 4473 356 4528 est
387 4485 479 4528 error
503 4464 683 4547 proclivior
714 4482 816 4544 quam
847 4483 915 4545 quo
947 4463 979 4526 in
1012 4465 1071 4546 q‘n‘r
1103 4463 1288 4546 (quoniam)
