3266 5238
898 431 940 511 78

380 610 423 672 H.
450 610 475 686 I,
501 610 552 672 81.
586 609 666 692 (Ubi
699 610 822 672 milites
854 619 999 674 mortem
1032 612 1198 687 omnibus,
1227 612 1284 693 qui
1310 611 1342 673 in
1367 610 1526 672 convivio

333 730 425 811 apud
457 728 630 792 Othonem
660 731 813 805 aderant,
845 732 1058 794 senatoribus
1089 731 1284 794 minitantes
1307 731 1465 812 irrupere,
1489 737 1526 791 et

334 851 407 931 ipse
437 849 530 914 Otho
560 869 704 932 propere
727 851 889 914 convivas
913 851 1006 914 abire
1029 852 1150 933 iussit):
1179 860 1269 931 ,tum
1293 872 1375 913 vero
1399 850 1525 933 passim

335 969 550 1051 magistratus
574 969 733 1050 proiectis
757 970 952 1052 insignibus,
978 972 1085 1034 vitata
1107 972 1270 1033 comitum
1296 979 1330 1032 et
1350 989 1525 1033 servorum

335 1087 534 1170 frequentia,
566 1108 663 1151 senes
694 1089 907 1172 feminaeque
936 1110 996 1172 per
1019 1091 1178 1154 tenebras
1203 1092 1336 1154 diversa
1358 1091 1450 1154 urbis
1473 1090 1529 1151 iti·

320 1228 427 1282 ·nera,
456 1209 520 1271 rari
548 1209 679 1284 domos,
708 1208 842 1290 plurimi
866 1210 1051 1272 amicorum
1075 1217 1178 1284 tecta,
1204 1219 1238 1272 et
1261 1219 1298 1273 ut
1322 1211 1443 1290 cuique
1467 1209 1531 1270 hu·

337 1327 494 1392 millimus
518 1329 623 1391 cliens
647 1328 792 1391 incertas
816 1328 963 1392 latebras
987 1327 1192 1411 petierunt’'.

380 1447 565 1511 Adiectivo
589 1449 733 1512 incertas
757 1468 825 1510 non
849 1448 1023 1512 clientium
1049 1448 1288 1524 habitationes,
1306 1457 1349 1544 'ut
1375 1456 1444 1510 tam
1470 1447 1532 1509 hu·

337 1569 443 1644 miles,
467 1576 606 1650 tamque
631 1569 664 1630 in
689 1568 802 1650 aliquo
827 1568 919 1632 urbis
941 1568 1066 1650 angulo
1087 1569 1292 1643 reconditae,
1314 1577 1351 1631 ut
1371 1566 1460 1630 haud
1480 1567 1532 1630 la·

335 1687 398 1750 cile
415 1707 435 1750 a
450 1687 731 1769 persequentibus
744 1687 966 1770 praetorianis
979 1688 1121 1750 inveniri
1132 1687 1272 1769 possint,
1282 1687 1533 1761 describuntur,

336 1807 396 1868 sed
420 1805 577 1868 iudicium
602 1806 706 1888 ipsius
729 1805 850 1880 Taciti,
873 1806 969 1868 triste
993 1815 1096 1887 atque
1121 1825 1286 1880 severum,
1311 1824 1353 1867 eo
1377 1805 1535 1867 contine·

337 1934 406 2001 tur,
432 1925 496 1988 hoc
520 1927 610 1988 enim
635 1926 734 1988 dicit:
763 1926 807 2005 ,si
831 1946 884 1988 res
908 1927 941 1988 in
966 1945 1135 1989 summurn
1159 1925 1276 1988 fuisset
1294 1925 1443 1988 adducta
1463 1925 1534 1987 dis·

338 2046 476 2120 crimen,
501 2046 665 2128 prodituri
690 2053 852 2128 patronos
876 2066 954 2109 suos
977 2045 1023 2108 illi
1047 2046 1188 2108 clientes
1210 2045 1328 2109 erant’'
1343 2044 1377 2127 Ι).

386 2165 428 2228 H.
453 2165 514 2240 ΙΙΙ,
542 2181 581 2247 23
615 2174 650 2228 et
682 2181 734 2246 25.
768 2166 929 2228 Nondum
961 2166 1045 2228 satis
1074 2173 1230 2228 accurate
1262 2165 1442 2248 lucideque
1472 2166 1538 2228 de·

341 2294 564 2349 monstratum
589 2305 661 2348 esse
685 2287 808 2368 opinor
829 2286 911 2367 quid
935 2293 1023 2348 esset
1048 2285 1095 2368 (in
1118 2286 1310 2348 narratione
1335 2287 1378 2348 de
1402 2285 1539 2368 proelio

340 2406 574 2488 Cremonensi)
603 2426 710 2489 agger
739 2407 814 2469 viae
844 2413 878 2468 et
906 2406 988 2487 quid
1013 2406 1106 2469 limes
1129 2407 1211 2469 viae.
1237 2404 1338 2468 Certe
1362 2405 1395 2467 in
1419 2424 1539 2466 errore

340 2527 394 2591 hic
419 2535 570 2590 versatus
594 2534 645 2589 est
670 2524 898 2608 Nipperdeius
922 2525 1048 2607 quique
1071 2544 1100 2587 c.
1128 2538 1165 2605 25
1189 2526 1333 2588 eandem
1354 2545 1456 2607 quarn
1478 2524 1541 2587 ille

339 2647 593 2710 distinctionem
625 2646 801 2727 praebent.
831 2643 886 2708 Sic
910 2645 1001 2708 enim
1025 2645 1072 2708 ibi
1097 2646 1220 2708 edunt:
1250 2645 1372 2726 ,laxati
1397 2645 1542 2707 ordines

340 2765 396 2848 (sc.
430 2765 702 2846 Vitellianorum)
734 2764 996 2847 abrumpuntur;
1022 2785 1084 2828 nec
1109 2765 1239 2828 restitui
1263 2767 1402 2847 quivere
1425 2766 1539 2847 impe·

341 2885 512 2948 dientibus
531 2884 694 2947 vehiculis
713 2885 959 2966 tormentisque
980 2905 1040 2967 per
1058 2885 1199 2948 limitem
1217 2885 1303 2949 viae.
1321 2883 1541 2968 Sparguntur

342 3005 558 3068 festinatione
582 3005 801 3067 consectandi
827 3003 1005 3067 victores''.
1029 3005 1078 3068 At
1103 3006 1150 3067 sic
1175 3005 1268 3070 limes
1290 3006 1365 3068 viae
1383 3005 1474 3068 idem
1498 3005 1542 3069 fit

342 3127 435 3207 quod
467 3146 573 3208 agger
602 3127 685 3200 viae,
718 3125 885 3206 siquidem
917 3144 945 3187 c.
979 3141 1019 3206 23
1049 3125 1208 3207 legimus:
1242 3125 1435 3206 ,vitelliani
1465 3134 1544 3190 tor·

343 3253 458 3307 menta
482 3245 515 3306 in
539 3264 697 3325 aggerem
722 3244 796 3306 viae
819 3241 1065 3306 contulerant”.
1091 3242 1140 3307 At
1164 3246 1237 3327 ipsa
1255 3245 1419 3308 sermonis
1438 3244 1544 3310 latini

343 3361 475 3426 indoles
506 3362 620 3426 obstat
650 3363 830 3444 quominus
860 3362 1027 3426 vocabula
1058 3371 1128 3425 tam
1160 3364 1302 3438 diversa,
1331 3384 1433 3445 quam
1455 3375 1546 3428 sunt

343 3482 436 3545 limes
467 3491 501 3544 et
531 3502 648 3564 agger,
680 3501 828 3562 unquam
860 3482 951 3544 idem
982 3482 1184 3563 significent,
1216 3503 1335 3565 neque,
1364 3485 1390 3545 si
1419 3491 1547 3548 tamen

342 3601 504 3665 sumimus
528 3601 653 3664 sactum
677 3601 732 3663 hic
756 3621 828 3663 esse
852 3601 944 3683 quod
970 3600 1040 3663 lieri
1065 3621 1132 3663 non
1158 3603 1274 3684 possit,
1299 3603 1404 3665 totius
1424 3622 1548 3667 narra-

342 3721 445 3784 tionis
473 3721 520 3784 sic
550 3721 636 3783 ratio
664 3728 808 3783 constat.
833 3719 882 3782 At
907 3721 1112 3802 transposita
1136 3721 1354 3784 distinctione
1378 3721 1479 3784 simul
1507 3724 1549 3786 et

343 3841 571 3902 narrationem
602 3839 826 3902 nanciscimur
850 3837 936 3900 bene
961 3839 1197 3901 decurrentem
1221 3839 1256 3903 et
1280 3840 1451 3920 utriusque
1478 3861 1549 3904 vo·

343 3957 454 4021 cabuli
486 3959 579 4021 limes
609 3966 644 4020 et
671 3978 779 4040 agger
801 3957 1083 4040 significationem
1108 3978 1175 4021 non
1200 3957 1310 4021 solum
1334 3967 1450 4040 aptam
1475 3963 1549 4024 sed

343 4096 430 4159 quae
455 4077 553 4138 unice
577 4076 726 4157 ipsorum
750 4077 932 4139 conveniat
953 4086 1102 4140 naturae.
1124 4076 1179 4141 Sic
1201 4077 1341 4140 enimc.
1364 4090 1401 4157 25
1422 4077 1552 4159 legen·

344 4211 540 4222 —..—-—-

384 4273 410 4338 r)
429 4272 507 4336 Quod
525 4272 575 4320 hoe
594 4287 670 4321 sensu
690 4274 794 4323 intutas
809 4275 906 4340 requiri
922 4276 1058 4326 contendit
1075 4277 1252 4342 Andresenus,
1267 4277 1384 4328 conferat
1400 4277 1434 4325 H.
1452 4275 1475 4340 l,
1497 4277 1553 4328 88:

348 4373 411 4422 „per
430 4359 528 4408 incerta
548 4358 696 4424 tulissimi”,
715 4361 759 4408 ubi
779 4369 867 4424 aperie
886 4361 1014 4411 adiecliva
1033 4377 1100 4427 quae
1120 4371 1180 4412 sunt
1199 4365 1314 4412 incertus
1332 4370 1358 4412 et
1378 4369 1454 4411 tutus
1470 4362 1554 4414 inter

346 4459 373 4493 se
392 4453 571 4509 opponuntur,
590 4460 704 4509 ergoque
724 4445 840 4494 incertus
858 4446 987 4510 significat
1001 4455 1115 4512 prorsus
1134 4450 1199 4499 idem
1219 4448 1291 4515 quod
1309 4449 1424 4498 intutus.
