3248 5230
886 423 948 503 258

363 596 478 661 Verba
490 597 656 679 dtffideret
665 600 830 664 enimvero
842 603 958 684 inepte
971 603 1116 684 repetita
1130 602 1258 665 dudum
1271 612 1514 684 expunxerunt

319 716 477 780 editores.
500 717 535 780 A
559 719 663 782 vitam
688 738 812 784 novam
836 728 908 784 tum
933 721 1101 803 incipiunt
1125 722 1341 785 sententiam.
1366 721 1435 786 Sed
1459 743 1514 786 ac-

318 837 507 898 cusativum
538 857 615 900 cum
639 837 808 902 infinitivo
830 841 935 904 vitam
949 841 1177 923 —probatam
1202 839 1289 905 male
1312 861 1390 904 cum
1415 863 1513 925 prae-

316 956 517 1019 cedentibus
537 957 719 1020 cohaerere
742 967 843 1034 recte,
866 968 903 1022 ut
926 961 1085 1042 equidem
1109 980 1242 1036 censeo,
1268 961 1420 1024 nonnulli
1445 971 1513 1025 sta·

316 1083 464 1138 tuerunt.
496 1073 564 1140 Sed
596 1078 688 1157 quod
719 1098 849 1143 amasse
880 1077 934 1141 vel
964 1080 1068 1162 egisse
1099 1081 1310 1144 inseruerunt
1343 1081 1434 1163 (ante
1457 1083 1512 1145 vel

317 1203 395 1277 post
425 1195 540 1277 vitam)
572 1216 691 1277 parum
724 1197 908 1280 probabilis
939 1219 980 1262 ea
1012 1200 1207 1263 emendatio
1230 1201 1374 1264 videtur.
1401 1171 1513 1265 Multo

316 1323 409 1378 certe
432 1316 560 1378 leniore
587 1317 756 1380 medicina
779 1318 826 1381 sic
851 1316 944 1381 locus
969 1320 1154 1382 restituitur
1178 1319 1212 1381 in
1236 1319 1422 1402 integrum:

365 1436 558 1516 ,enimvero
588 1436 743 1500 liberales
775 1457 909 1521 semper
941 1436 1057 1520 epulas
1086 1438 1247 1500 struxisse
1270 1438 1341 1501 vita
1364 1458 1513 1502 amoena

318 1562 353 1617 et
376 1555 467 1617 duris
490 1555 657 1619 iudicibus
681 1577 800 1639 parum
825 1556 990 1639 probata”

362 1682 400 1737 ut
429 1675 500 1739 vita
522 1696 657 1739 amoena
678 1688 710 1742 et
805 1677 950 1759 probata
972 1678 1015 1739 sit
1040 1675 1208 1740 ablativus
1232 1676 1418 1752 absolutus,
1443 1697 1513 1759 qua

318 1795 405 1858 ratio
429 1795 593 1859 redditur.

365 2033 409 2096 A.
438 2034 516 2109 XV,
544 2048 602 2115 59:

367 2154 505 2234 „Fuere
538 2154 595 2236 qui
628 2154 764 2236 prodita
794 2153 1037 2229 coniuratione,
1070 2155 1150 2218 dum
1182 2155 1317 2218 auditur
1342 2153 1515 2232 Milichus,

319 2274 400 2336 dum
421 2272 555 2336 dubitat
576 2271 769 2348 Scaevinus
791 2273 1006 2336 hortarentur
1028 2273 1184 2336 Pisonem
1199 2294 1341 2356 pergere
1354 2275 1388 2338 in
1402 2284 1516 2339 castra

318 2401 377 2456 aut
400 2401 509 2456 rostra
532 2393 714 2456 escendere
738 2393 917 2474 studiaque
943 2392 1087 2454 militum
1112 2401 1146 2454 et
1172 2392 1288 2476 populi
1309 2394 1517 2477 temptare.”

362 2513 453 2576 Dum
483 2512 612 2576 dubitat
642 2511 828 2575 Scaevinus
853 2510 943 2593 Quid
970 2510 1021 2574 his
1045 2511 1185 2574 vocibus
1207 2511 1440 2594 significatur?
1467 2515 1517 2578 Ut

319 2635 440 2715 opinor
470 2632 636 2706 condicio,
662 2633 695 2695 in
718 2651 786 2714 qua
810 2640 962 2694 versatur
986 2630 1170 2695 Scaevinus
1195 2651 1236 2692 eo
1261 2639 1421 2714 tempore
1445 2652 1515 2714 quo

321 2750 477 2815 Milichus
497 2752 724 2832 interrogatur
743 2748 888 2834 paulove
909 2759 1037 2833 postea,
1059 2758 1150 2812 certe
1171 2757 1251 2813 ante
1272 2751 1353 2813 illud
1374 2760 1516 2833 tempus

319 2892 387 2954 quo
412 2871 579 2954 responsis
604 2870 744 2946 Natalis,
770 2890 847 2933 cum
871 2870 974 2952 ipsius
997 2890 1065 2932 non
1091 2870 1355 2950 congruentibus
1380 2870 1422 2952 (c.
1448 2872 1512 2952 56),

318 2991 467 3074 confiteri
486 2990 633 3071 cogitur:
659 3009 737 3052 nam
758 2997 830 3052 turn
851 2997 942 3052 certe
962 2988 1116 3052 dubitare
1135 2989 1243 3051 desiit.
1270 2987 1371 3070 Quod
1393 2998 1511 3053 autem

318 3111 361 3174 ad
386 3111 496 3193 ipsum
520 3109 601 3172 illud
627 3110 775 3192 pertinet
795 3116 939 3191 tempus,
961 3128 1028 3190 quo
1048 3128 1069 3170 a
1091 3107 1230 3172 Milicho
1251 3117 1302 3170 est
1323 3109 1515 3174 indicatus:

318 3230 433 3292 statim
454 3237 525 3291 tum
545 3230 589 3292 ad
610 3228 782 3291 Neronem
803 3237 854 3290 est
867 3229 1035 3292 addu'ctus
1048 3227 1178 3310 (raptus
1184 3239 1248 3310 per
1261 3228 1382 3292 milites
1394 3249 1423 3292 c.
1440 3244 1455 3310 5
1463 3233 1493 3312 5)
1506 3259 1514 3308 ;

318 3347 372 3411 hic
397 3349 444 3411 ita
468 3346 615 3429 loquitur
639 3356 676 3410 ut
696 3369 725 3410 e.
739 3367 767 3410 c.
787 3347 914 3431 effugia
933 3366 1093 3428 quaerere
1112 3347 1178 3410 dici
1200 3348 1315 3430 possit,
1338 3368 1407 3411 non
1429 3370 1513 3412 vero

315 3467 477 3531 dubitare.
503 3465 613 3548 Quem
638 3466 798 3529 effectum
822 3465 877 3528 illa
898 3464 1020 3547 effugia
1041 3464 1221 3528 habuerint
1239 3465 1378 3529 Tacitus
1399 3469 1514 3531 verbis

314 3600 351 3652 ut
380 3588 509 3651 labaret
539 3587 696 3650 indicium
729 3587 769 3668 (c.
797 3600 833 3666 55
868 3585 965 3667 extr.)
998 3585 1175 3667 perspicue
1206 3585 1374 3662 declarat,
1406 3595 1513 3668 atque

314 3717 430 3771 nostro
455 3707 530 3771 loco
556 3727 627 3769 rem
652 3705 751 3769 nobis
775 3725 848 3768 esse
872 3724 949 3767 cum
973 3724 1014 3766 eo
1038 3713 1194 3786 tempore
1217 3706 1309 3785 quod
1334 3703 1396 3767 suit
1417 3715 1514 3788 post-

313 3846 417 3908 quam
434 3826 548 3889 labare
563 3826 725 3889 indicium
739 3826 853 3908 coepit
866 3832 900 3886 et
914 3832 1098 3905 antequam
1111 3822 1296 3886 Scaevinus
1308 3824 1511 3907 Natalisque

314 3945 438 4008 diversi
470 3946 667 4028 interrogati
700 3954 811 4008 totam
840 3944 1108 4007 coniurationem
1132 3952 1337 4025 aperuerunt
1361 3965 1413 4007 res
1438 3945 1512 4029 ipsa

314 4065 449 4127 clamat.
483 4063 532 4127 At
563 4065 597 4125 in
621 4064 703 4127 illud
728 4073 864 4147 tempus
884 4063 1058 4126 dubitandi
1079 4061 1221 4124 verbum
1245 4082 1313 4124 non
1338 4065 1510 4140 convenit,

315 4204 425 4267 neque
450 4182 590 4245 omnino
615 4182 727 4258 ullum,
754 4205 822 4265 quo
838 4185 962 4267 facere
984 4180 1111 4264 aliquid
1136 4179 1321 4244 Scaevinus
1344 4183 1511 4265 significe-

314 4313 378 4367 tur.
401 4304 450 4369 Ut
471 4303 537 4365 iam
558 4301 725 4378 dicebam,
746 4305 927 4386 requiritur
942 4303 1084 4366 verbum
1096 4311 1220 4365 statum
1233 4302 1511 4386 condicionemque

314 4421 470 4487 Scaevini
503 4421 665 4484 indicans.
700 4423 899 4504 Legeudum
931 4444 1003 4486 esse
1038 4423 1208 4504 suspicor:
1248 4423 1349 4502 ,dum
1386 4425 1508 4487 dubius
