3228 5236
892 431 951 513 198

325 612 421 696 Quae
452 613 575 696 partim
608 613 725 693 inepte
757 618 835 674 sunt
863 609 1045 683 enuntiata,
1071 609 1194 691 partim
1219 609 1299 672 nihil
1322 609 1511 692 legentibus

323 741 474 816 prosunt.
501 733 578 795 Non
600 731 710 794 minus
729 730 912 816 absurdum
931 730 1172 811 stupidumque
1193 729 1362 792 emblema
1381 730 1511 792 sustulit

324 852 385 928 VI,
423 869 458 915 12
493 852 721 934 Nipperdeius
753 849 924 913 everbis:
954 858 1051 930 „post
1075 859 1232 912 exustum
1258 845 1385 935 [sociali
1410 845 1511 934 bello]

326 970 567 1055 Capitolium.'’

371 1091 412 1154 A.
436 1091 495 1165 VI,
519 1107 570 1169 24.
592 1091 644 1153 De
665 1089 854 1152 tristissima
870 1089 1103 1171 ditissimaque
1117 1089 1226 1164 Drusi,
1241 1088 1433 1152 Germanici
1447 1088 1512 1161 filii,

325 1220 435 1276 morte
459 1219 494 1274 et
517 1211 583 1273 alia
608 1220 641 1273 et
666 1209 750 1272 haec
775 1217 969 1272 narrantur:

372 1331 505 1412 „Etiam
530 1350 589 1392 sua
613 1330 716 1393 verba
740 1329 893 1391 centurio
916 1329 1077 1391 saevitiae
1098 1328 1207 1410 plena,
1228 1335 1402 1410 tamquam
1424 1349 1514 1410 egre-

325 1452 428 1534 gium,
449 1470 619 1531 vocesque
639 1448 829 1512 deficientis
848 1449 1029 1522 adiecerat,
1051 1448 1125 1528 quis
1138 1447 1248 1530 primo
1261 1444 1512 1533 [alienationem

326 1572 449 1636 mentis
472 1565 645 1654 simulans]
671 1568 766 1650 quasi
792 1587 851 1649 per
875 1567 1082 1630 dementiam
1104 1566 1235 1630 funesta
1255 1567 1403 1640 Tiberin,
1425 1587 1514 1640 mox,

326 1691 382 1755 ubi
415 1710 536 1772 exspes
569 1690 657 1752 vitae
683 1688 753 1762 fuit,
779 1688 960 1751 meditatas
984 1688 1258 1770 compositasque
1281 1688 1370 1752 diras
1394 1689 1516 1770 impre-

325 1808 498 1874 cabatur.”

371 1930 437 1992 Hic
460 1937 575 1992 tamen
597 1929 745 1991 editores
768 1947 895 1990 morem
916 1935 1038 2009 gerunt
1057 1926 1221 1990 Bahrdtio
1241 1927 1424 1990 absurdum
1446 1947 1515 1990 ver·

327 2048 447 2111 borum
467 2039 564 2128 quusi
577 2059 641 2129 per
660 2047 856 2110 dementiam
878 2047 1216 2128 interpretamentum
1238 2047 1363 2109 includi
1377 2046 1516 2110 iubenti.

326 2166 393 2230 Sed
426 2167 459 2229 in
490 2167 564 2250 ipso
593 2167 793 2230 narrationis
816 2166 912 2229 initio
936 2166 1209 2229 additamentum
1232 2166 1517 2248 deprehendimus

327 2305 394 2349 non
421 2287 530 2348 minus
554 2287 803 2369 importunum:

374 2407 522 2486 „Drusus
545 2407 670 2470 deinde
695 2407 928 2488 exstinguitur,
954 2425 1031 2468 cum
1055 2427 1090 2469 se
1116 2407 1314 2471 miserandis
1337 2406 1515 2480 alimentis,

327 2523 534 2611 [mandendo
557 2548 577 2588 e
601 2526 703 2589 cubili
727 2523 895 2612 tomento]
921 2545 1047 2589 nonum
1071 2522 1114 2590 ad
1135 2527 1226 2589 diem
1250 2527 1503 2612 detinuisset'f

372 2645 474 2710 Unde
502 2647 591 2709 istud
616 2646 741 2708 habeat
764 2646 887 2708 sciolus
911 2646 1035 2721 nescio,
1060 2648 1294 2728 perturbatum
1318 2655 1422 2728 atque
1445 2667 1516 2710 cor·

328 2772 464 2847 ruptum
490 2766 532 2827 ab
558 2785 599 2827 eo
622 2785 813 2828 sermonem
838 2765 1016 2828 Taciteum
1041 2776 1134 2829 certo
1158 2767 1239 2830 scio.

370 2882 438 2948 Sed
460 2905 503 2947 ex
524 2885 588 2948 hoc
609 2905 744 2966 quoque
765 2903 888 2966 genere
910 2885 1017 2948 multo
1029 2884 1130 2970 plura
1139 2886 1236 2948 nobis
1248 2884 1516 2978 afferfiexempla

330 3005 504 3067 Mediceus
528 3004 629 3066 alter:

372 3123 431 3197 XI,
468 3141 515 3204 13.
560 3124 628 3203 ,At
659 3123 818 3188 Claudius
851 3124 1055 3188 matrimonii
1087 3125 1137 3187 sui
1168 3124 1303 3207 ignarus
1334 3134 1369 3186 et
1402 3125 1516 3188 munia

326 3243 479 3304 censoria
503 3263 667 3324 usurpans
690 3263 719 3306 e.
733 3264 766 3325 q.
780 3242 828 3306 s”

372 3361 508 3423 Prorsus
540 3379 638 3424 sensu
670 3381 813 3425 vacnum
846 3383 918 3424 esse
949 3364 1157 3427 matrimonii
1184 3364 1239 3426 sui
1268 3363 1412 3446 r'gnarus
1434 3363 1515 3426 mihi

326 3488 476 3555 constat;
498 3500 576 3543 nam
597 3482 689 3562 quod
710 3483 865 3544 certatim
886 3483 978 3546 docti
999 3491 1296 3559 commentatores,
1317 3483 1401 3546 alius
1413 3483 1515 3547 aliurn
1600 3553 1601 3568 χ

326 3602 532 3676 describens,
557 3602 622 3664 huc
646 3602 790 3665 afferunt
815 3602 858 3664 H.
884 3603 909 3677 I,
934 3622 993 3685 49:
1023 3605 1226 3682 ,amicorum
1251 3603 1516 3685 libertorumque

327 3741 431 3803 usque
466 3721 509 3784 ad
542 3721 677 3804 culpam
708 3722 874 3803 ignarus”,
907 3724 940 3784 in
972 3744 1013 3786 eo
1044 3724 1121 3786 loco
1152 3723 1310 3806 praesidii
1342 3722 1424 3786 nihil
1457 3732 1516 3785 est.

326 3839 498 3904 Omittunt
530 3843 619 3904 enim
653 3841 698 3904 illi
731 3843 823 3924 quod
856 3843 889 3904 in
918 3862 959 3904 eo
984 3842 1036 3906 vel
1062 3830 1257 3924 primarium
1283 3851 1343 3917 est,
1369 3862 1447 3905 nam
1472 3844 1516 3906 sic

327 3958 372 4020 ibi
396 3958 534 4022 Tacitus
558 3961 709 4042 scripsit:
740 3961 942 4040 ,amicorum
968 3961 1244 4043 libertorumque,
1271 3962 1327 4025 ubi
1352 3962 1384 4024 in
1411 3963 1517 4024 bonos

325 4078 507 4152 incidisset,
540 4079 612 4140 sine
644 4080 905 4161 reprehensione
937 4081 1080 4162 patiens,
1112 4082 1138 4143 si
1164 4081 1241 4143 mali
1267 4080 1387 4155 forent,
1413 4101 1515 4162 usque

325 4199 368 4261 ad
394 4198 528 4279 culpam
553 4197 720 4276 ignarus’',
745 4201 791 4263 ita
816 4210 852 4263 ut
873 4200 941 4263 lere
963 4200 1044 4263 nihil
1065 4201 1098 4262 hi
1120 4199 1184 4263 loci
1205 4201 1293 4262 inter
1312 4220 1348 4262 se
1369 4200 1515 4263 habeant

326 4335 523 4379 commune:
555 4316 696 4396 genitivi
727 4321 910 4384 amicorum
941 4321 1196 4402 libertorumque
1218 4322 1387 4403 apatr'ens
1412 4321 1514 4402 magis

325 4452 428 4512 quam
446 4433 489 4495 ab
506 4433 648 4514 ignarus
665 4436 873 4518 dependent,
886 4459 963 4502 cum
976 4441 1119 4522 ignarus
1132 4459 1211 4502 vero
1223 4447 1295 4502 arte
1308 4441 1518 4521 iungendum
1599 4493 1601 4512 ,
