3266 5238
689 413 729 492 65

114 595 281 658 incertum
312 593 385 668 suit,
410 613 486 656 curn
511 613 554 655 ex
580 612 639 654 usu
664 592 828 676 temporis
852 592 917 655 huc
942 592 1019 656 illuc
1044 603 1207 671 mearent,
1231 595 1307 679 glis·

113 722 232 776 cerent
257 733 398 776 numero
424 721 458 775 et
483 712 667 793 aliquando
693 712 933 774 minuerentur.

159 832 358 914 Lipsianum
381 833 498 915 fuerit
520 851 582 913 pro
597 832 675 912 fuit
698 831 775 894 ideo
800 832 951 913 recipere
975 833 1068 914 quod
1093 832 1171 908 XV,
1195 851 1235 912 41
1263 833 1309 896 le-

112 961 214 1033 gatur
242 952 337 1015 haud
357 963 552 1034 promptum
576 951 693 1033 fuerit
722 951 1012 1033 perversissimum
1043 961 1105 1014 est.
1136 951 1212 1015 Hoc
1236 952 1308 1015 vult

113 1070 270 1134 Tacitus:
305 1083 465 1146 auctores,
502 1090 587 1152 quos
616 1090 751 1152 sequor,
783 1079 939 1134 accurate
971 1070 1102 1134 illarum
1134 1072 1308 1153 copiarum

112 1191 200 1254 inire
223 1210 400 1253 numerum
423 1211 485 1253 non
504 1201 694 1273 potuerunt.
720 1187 948 1254 Soloecismus
971 1190 1120 1254 videtur:
1142 1193 1308 1255 incertum

104 1311 226 1392 fuerit
247 1329 324 1373 cum
349 1321 506 1373 mearent.

158 1427 252 1491 Ann.
273 1428 332 1504 VI,
355 1443 406 1510 35.
426 1428 611 1491 Enimvero
631 1429 722 1511 apud
744 1427 916 1492 Sarmatas
936 1450 1003 1493 non
1025 1451 1091 1494 una
1110 1451 1180 1494 vox
1196 1431 1307 1495 ducis:

110 1568 147 1611 se
169 1549 314 1630 quisque
333 1547 520 1624 stimulant,
541 1568 583 1610 ne
605 1568 753 1630 pugnarn
774 1569 834 1630 per
852 1550 994 1630 sagittas
1013 1550 1162 1613 sinerent
1178 1551 1308 1632 impetu

111 1676 147 1731 et
173 1668 327 1760 cominus
351 1668 652 1750 praeveniendum.

158 1787 226 1850 Hie
250 1807 314 1870 ego
339 1786 495 1850 Beroaldi
520 1787 749 1850 coniecturam
773 1787 898 1851 inirent
919 1807 981 1869 pro
1004 1789 1149 1852 sinerent
1171 1790 1308 1853 minime

110 1906 329 1989 probandam
360 1926 494 1969 censeo.
527 1905 603 1968 Hoc
636 1906 726 1968 enirn
759 1904 933 1969 Sarmatae
958 1906 1122 1970 clamant:
1152 1909 1307 1989 „obviarn

110 2027 230 2089 eundo
260 2025 415 2089 hostibus
445 2034 480 2088 et
511 2027 641 2107 impetu
672 2025 827 2088 faciendo
860 2027 1100 2108 prohibeamus
1128 2030 1309 2110 quominus

110 2146 283 2230 proelium
315 2155 426 2210 totum
458 2147 502 2209 sit
531 2144 815 2228 sagittariorum’'.
848 2145 1013 2210 Maiorem
1045 2149 1309 2226 distinctionem,

111 2287 204 2349 quae
230 2265 332 2348 vulgo
357 2273 435 2349 post
458 2267 603 2328 sinerent
626 2265 773 2346 ponitur,
798 2269 1041 2330 removendam
1065 2267 1220 2332 arbitror.
