3228 5236
904 428 968 492 206

383 614 585 676 Tacitumne
605 612 782 675 credamus
802 609 928 672 nomini
953 607 1106 673 Corinthi
1124 605 1340 687 adscripsisse
1361 601 1545 682 „Achaiae

338 731 455 807 urbe,‘’
478 753 521 795 an
547 752 623 794 cum
649 731 775 794 Iacobo
799 731 863 792 ista
887 728 1068 793 reddamus
1091 723 1217 790 sciolo?
1242 723 1294 786 Ne
1316 722 1464 796 dubites,
1489 722 1544 783 in-

339 852 431 934 spice
464 871 551 933 quae
575 852 617 914 ad
644 851 687 914 A.
713 850 757 926 V,
787 867 824 914 10
848 849 1094 912 annotavimus.
1132 846 1210 908 Non
1236 844 1345 906 minus
1369 841 1543 905 insulsum

339 973 462 1053 (neque
484 971 590 1053 magis
611 970 704 1052 utile)
724 971 1064 1051 interpretamentum
1085 967 1119 1029 in
1139 965 1230 1029 hisce
1244 963 1545 1046 deprehendimus

341 1091 397 1173 (H.
431 1091 474 1165 11,
508 1106 566 1154 20:
596 1090 639 1152 de
663 1089 809 1153 Caecina
833 1089 944 1171 agitur
967 1107 1043 1150 cum
1068 1085 1218 1150 exercitu
1243 1104 1303 1166 per
1329 1082 1463 1145 Italiam
1492 1081 1547 1142 in-

340 1209 514 1292 cedente):
539 1217 714 1288 ,ornatum
734 1208 838 1291 ipsius
858 1207 1040 1290 municipia
1060 1215 1095 1269 et
1114 1204 1267 1268 coloniae
1289 1202 1321 1265 in
1341 1200 1548 1283 superbiam

339 1330 532 1405 trahebant,
553 1331 645 1411 quod
666 1329 859 1392 versicolori
880 1327 1007 1411 sagulo,
1029 1328 1147 1390 bracas
1163 1317 1548 1411 [barbarumtegimen]

340 1451 478 1514 indutus
502 1458 638 1532 togatos
660 1447 923 1532 alloqueretur.’'

387 1569 592 1651 Unquamne
605 1570 784 1652 quisquam
798 1568 933 1631 inclusis
946 1568 1058 1631 verbis
1071 1567 1360 1649 patrocinabitur?
1380 1559 1549 1639 βροτοῖσιν

341 1689 423 1756 οὐδέν
447 1690 512 1752 ἔστ’
536 1689 712 1766 ἀπώμοτον.

387 1789 431 1872 H'.
458 1810 500 1885 II,
523 1827 573 1892 23.
596 1810 743 1872 Marcius
764 1807 889 1882 Macer,
911 1809 981 1871 dux
1001 1806 1225 1885 Othonianus,
1248 1829 1318 1872 rem
1339 1810 1428 1872 bene
1450 1812 1548 1891 gerit

342 1931 402 1992 sed
428 1930 569 1992 victoria
593 1949 652 1991 sua
676 1949 744 1991 non
768 1928 938 1990 abutitur:

391 2047 613 2130 ,Suspectum
645 2049 679 2112 id
708 2045 913 2110 Othonianis
937 2045 1009 2122 suit,
1034 2047 1148 2110 omnia
1171 2048 1295 2110 ducum
1320 2047 1408 2111 lacta
1434 2069 1550 2130 prave

344 2168 612 2232 aestimantibus,
631 2165 806 2241 Certatim,
826 2175 863 2229 ut
881 2167 1023 2248 quisque
1036 2167 1150 2229 animo
1163 2166 1313 2249 ignavus,
1327 2188 1460 2250 procax
1475 2189 1551 2246 ore,

343 2288 495 2351 Annium
528 2286 662 2351 Gallum
687 2295 721 2349 et
746 2284 946 2350 Suetonium
973 2285 1147 2349 Paulinum
1171 2295 1206 2349 et
1231 2287 1374 2350 Marium
1399 2287 1550 2352 Celsum

342 2407 443 2471 variis
467 2405 665 2469 criminibus
688 2403 937 2468 incessebant.'¹

387 2525 444 2590 Ad
470 2527 609 2589 nomina
633 2524 689 2588 illa
713 2525 892 2608 adscripsit
915 2524 1053 2606 aliquis:
1084 2546 1181 2606 ,nam
1205 2546 1263 2590 eos
1288 2546 1425 2610 quoque
1447 2527 1553 2592 Otho

344 2644 585 2727 praefecerat,”
610 2655 785 2728 tamquam
810 2645 836 2706 si
857 2645 1014 2725 cuiquam
1035 2644 1220 2727 legentium
1241 2647 1346 2728 ignoti
1367 2667 1442 2710 esse
1467 2671 1551 2732 pos-

342 2775 418 2829 sent
439 2766 588 2849 primarii
608 2765 656 2827 illi
678 2764 908 2847 praeclarique
922 2765 1025 2826 duces
1038 2763 1234 2840 Othoniani,
1248 2768 1291 2828 ad
1305 2787 1389 2848 quos
1402 2778 1550 2844 cuncta,

343 2904 430 2966 quae
453 2885 606 2966 proxime
627 2883 847 2966 praecedunt,
867 2892 945 2945 sunt
964 2882 1150 2960 reserenda,
1172 2885 1215 2948 de
1236 2885 1427 2970 quibusque
1451 2889 1479 2964 1,
1505 2893 1549 2972 87

343 3006 476 3067 disertis
490 3004 601 3068 verbis
613 3013 785 3067 narratum
798 3013 864 3066 est:
883 3004 1055 3085 ,peditum
1068 2991 1289 3088 equitumque
1302 3007 1409 3090 copiis
1418 3007 1551 3074 Sueto-

342 3124 418 3186 nius
438 3123 604 3198 Paulinus,
628 3122 754 3186 Marius
767 3121 893 3197 Celsus,
907 3122 1041 3185 Annius
1054 3122 1170 3186 Gallus
1183 3133 1331 3188 rectores
1344 3127 1551 3194 destinati.”

342 3242 414 3305 Iam
449 3243 551 3318 satis,
587 3252 624 3305 ut
660 3243 798 3324 opinor,
831 3261 920 3304 nunc
952 3251 1095 3324 apparet
1127 3264 1228 3324 quam
1260 3245 1414 3328 ineptum
1450 3249 1550 3314 istud

342 3381 465 3442 quoque
483 3361 536 3423 sit.
559 3359 604 3422 Et
624 3369 738 3422 tamen
759 3359 923 3442 puerilem
943 3361 1042 3423 istam
1063 3363 1331 3440 annotationem,
1349 3365 1382 3427 in
1404 3375 1550 3432 textum

343 3489 527 3562 receptam,
547 3499 607 3561 per
625 3478 761 3561 longam
781 3479 991 3543 saeculorum
1004 3481 1125 3544 seriem
1139 3501 1249 3564 aequo
1262 3485 1375 3547 animo
1389 3487 1552 3552 tulerunt

344 3600 406 3662 viri
431 3599 533 3674 docti,
559 3601 669 3662 donec
694 3600 834 3662 tandem
859 3598 1043 3680 aliquando
1069 3603 1213 3678 Ritter0,
1238 3606 1311 3667 viro
1331 3605 1551 3685 acutissimo,

345 3719 434 3782 fraus
457 3718 615 3793 soboluit,
676 3715 680 3722 '
1073 3687 1074 3690 Ἴ

392 3837 435 3900 H.
461 3837 505 3914 II,
531 3839 582 3901 28.
609 3837 789 3900 Praetextu
814 3837 918 3899 utitur
942 3837 1069 3901 Valens
1092 3841 1134 3903 ad
1156 3841 1360 3906 Batavorum
1380 3846 1552 3912 cohortes

346 3955 499 4018 turbidas
517 3955 736 4018 amovendas,
762 3953 863 4036 Quod
884 3955 942 4017 ubi
960 3959 1080 4020 ceteris
1099 3959 1261 4023 militibus
1279 3965 1455 4045 cognitum
1478 3981 1551 4047 est,

346 4073 487 4137 fremere
509 4093 628 4136 omnes
649 4075 760 4137 orbari
782 4093 817 4136 se
838 4073 1045 4138 validissimo
1058 4079 1195 4142 auxilio,
1221 4081 1312 4164 Ergo
1325 4103 1403 4147 cum
1416 4091 1551 4154 acerba

346 4192 557 4275 querimonia
582 4201 616 4254 et
639 4192 704 4255 alia
728 4193 904 4275 disputant
928 4204 963 4257 et
987 4196 1087 4260 haec:

396 4309 449 4390 ,Si
482 4310 678 4393 provincia”
711 4313 801 4393 (nam
832 4314 876 4376 ad
910 4333 984 4375 eam
1013 4316 1263 4382 defendendam
1288 4322 1436 4387 Batavos
1463 4329 1550 4392 istos

348 4430 477 4492 Valens
508 4431 692 4513 dimiserat)
726 4433 807 4494 urbe
840 4441 874 4494 et
906 4433 1014 4496 salute
1046 4435 1176 4519 imperii
1209 4443 1321 4522 potior
1343 4444 1396 4519 sit,
1423 4465 1549 4512 omnes
