3228 5236
641 481 700 528 211

88 665 153 726 pars
182 644 287 707 altera
318 644 521 720 inclinasset,
553 647 689 709 abditos
719 648 753 709 in
785 648 944 723 tabernis,
970 657 1028 712 aut
1051 650 1077 712 si
1102 669 1204 731 quarn
1229 649 1263 712 in

88 763 214 824 domum
249 762 483 845 perfugerant,
521 765 590 826 erui
626 764 836 846 iugularique
872 766 1130 849 expostulantes
1169 777 1265 850 parte

88 883 200 945 maiore
225 884 371 964 praedae
396 883 649 965 potiebantur.'’

124 1001 280 1064 Facessat
311 1001 389 1065 hinc
420 1002 539 1078 altera,
572 1004 664 1084 quod
690 1003 865 1085 imperitus
888 1004 1068 1088 adscripsit
1094 1007 1264 1089 magister.

87 1115 235 1200 Oportuit
258 1120 379 1183 saltem
402 1121 581 1187 alterutra.

123 1238 163 1299 H.
188 1238 248 1314 III,
274 1241 326 1317 84.
356 1239 569 1304 Adoriuntur
594 1241 747 1304 Flaviani
773 1252 883 1304 castra
907 1243 1179 1321 Vitellianorum,
1206 1247 1263 1327 qui

86 1356 140 1432 illa,
170 1366 345 1440 tamquam
372 1360 529 1423 ultimum
554 1361 753 1443 perfugium,
778 1371 909 1426 summa
932 1363 1121 1427 defendunt
1145 1366 1264 1448 despe-

86 1477 221 1539 ratione:

125 1595 193 1674 ,Eo
212 1596 376 1660 intentius
396 1599 551 1673 victores,
573 1599 756 1681 praecipuo
770 1610 921 1664 veterum
936 1602 1126 1665 cohortium
1139 1604 1264 1678 studi0,

86 1724 196 1778 cuncta
203 1716 484 1780 validissimarum
494 1719 628 1780 urbium
642 1719 782 1781 excidiis
790 1728 924 1802 reperta
936 1720 1034 1783 simul
1044 1722 1265 1786 admovent.'’

124 1834 186 1898 Hic
202 1839 378 1900 continere
395 1858 431 1901 se
450 1858 517 1901 non
532 1838 643 1921 potuit
656 1838 779 1900 sciolus
791 1839 872 1920 quin
885 1827 1075 1921 legentibus
1089 1842 1264 1906 doctrinae

85 1974 154 2018 suae
184 1958 426 2021 documentum
459 1959 555 2021 daret
584 1958 725 2039 insigne,
750 1961 809 2023 sed
835 1979 921 2040 quae
946 1969 1059 2023 essent
1082 1971 1185 2024 cunta
1208 1963 1264 2026 illa

87 2075 207 2138 urbium
237 2078 379 2141 excidiis
403 2087 537 2159 reperta
561 2076 706 2140 fideliter
729 2080 957 2141 enumeravit:
982 2081 1173 2144 testudinem
1198 2093 1264 2145 tor·

87 2207 184 2257 menta
194 2217 335 2279 aggeres
340 2198 508 2279 facesque.
523 2196 568 2258 Et
582 2196 665 2258 haec
678 2216 767 2259 nunc
781 2198 813 2259 in
828 2199 942 2260 medio
955 2219 1110 2263 sermone
1123 2200 1264 2264 Taciteo

87 2311 248 2394 leguntur;
270 2333 346 2377 cum
366 2325 494 2396 quanto
513 2315 639 2396 egregii
652 2313 717 2377 loci
731 2316 937 2379 detrimento
951 2318 1055 2381 videa.
1078 2320 1200 2383 Inutile
1214 2329 1265 2383 est

87 2433 205 2515 singula
228 2434 282 2497 hic
307 2435 484 2517 corrigere,
509 2443 545 2497 ut
570 2435 649 2496 fecit
674 2434 835 2510 Ritterus,
862 2437 919 2517 qui
939 2458 1096 2521 aggerem
1118 2440 1264 2502 coniecit

88 2573 142 2634 pro
158 2575 296 2638 aggeres
313 2562 348 2619 et
358 2554 471 2638 falces
488 2576 549 2637 pro
562 2555 675 2636 faces,
691 2574 758 2617 una
770 2555 870 2617 litura
883 2565 1005 2620 cuncta
1018 2558 1163 2622 delenda
1175 2568 1263 2623 sunt.
