3258 5240
103 619 186 662 suae
207 597 321 680 aliqua
340 608 436 681 parte
457 601 500 663 de
520 600 636 664 funere
657 601 803 664 hominis
824 602 1044 666 vehementer
1065 602 1179 666 defleti
1198 611 1301 686 atque

105 719 289 782 desiderati
314 727 366 782 est
388 721 571 802 agendum,
595 741 725 803 parum,
750 729 787 784 ut
812 722 943 804 opinor,
964 731 1058 785 curat
1079 723 1161 804 quid
1180 725 1302 807 singuli

105 839 179 902 eius
213 838 349 920 cognati
385 840 570 920 affinesque
606 839 747 903 fecerint
783 841 1010 923 dixerintque,
1046 851 1080 905 et
1113 863 1154 905 ne
1186 844 1302 906 matris

106 959 246 1040 quidem
278 978 365 1039 quae
397 957 521 1021 fuerint
552 957 701 1021 lamenta
732 968 938 1042 questusque
969 960 1069 1023 anxie
1094 962 1128 1024 in
1151 960 1302 1024 lontibus

105 1077 175 1139 suis
199 1084 339 1158 quaeret
347 1102 355 1151 ;
380 1077 407 1139 si
433 1076 514 1139 nihil
538 1077 703 1139 eiusmodi
727 1076 904 1152 invenerit,
928 1077 1000 1139 sine
1024 1077 1092 1141 ullo
1115 1079 1191 1142 libri
1216 1082 1302 1162 peri-

105 1193 184 1257 culo
219 1195 262 1258 de
298 1193 362 1258 illis
397 1196 502 1258 taceri
537 1215 636 1278 posse
671 1195 701 1258 ei
737 1196 800 1258 erit
837 1215 1041 1278 persuasum.
1077 1196 1128 1260 At
1162 1198 1301 1262 Tacitus

107 1313 268 1395 aequales
298 1333 377 1378 suos
400 1321 624 1397 posterosque
650 1317 918 1378 commovendos
941 1335 1014 1378 esse
1038 1325 1164 1391 censet,
1189 1317 1302 1399 idque,

107 1433 135 1494 si
167 1432 239 1495 fieri
271 1441 394 1516 potest,
427 1435 663 1511 vehementer;
696 1455 764 1497 non
796 1454 877 1517 ergo
909 1433 1054 1498 libenter
1077 1436 1132 1498 hic
1155 1438 1303 1518 aliquam

108 1551 322 1616 lacrimarum
354 1554 708 1636 querimoniarumque
733 1553 812 1616 facit
838 1554 1018 1630 iacturam;
1044 1555 1087 1617 de
1111 1555 1303 1621 Germanici

110 1680 217 1735 matre
242 1672 307 1734 sibi
330 1692 403 1735 esse
426 1674 610 1736 tacendum
635 1693 712 1735 cum
738 1694 863 1757 magno
886 1675 1041 1756 agnoscit
1064 1676 1192 1738 dolore.

155 1791 272 1874 Atque
297 1791 381 1855 haec
406 1793 543 1874 quidem
569 1794 657 1856 inter
680 1812 787 1856 novos
811 1802 1011 1874 veteresque
1036 1793 1214 1856 historicos
1238 1795 1303 1858 dis·

106 1912 282 1995 crepantia
306 1932 374 1975 non
397 1913 512 1975 statim
533 1913 584 1975 his
605 1913 688 1975 vitio
708 1914 821 1976 danda
842 1920 909 1988 est;
929 1921 965 1975 at
984 1913 1072 1995 parit
1093 1914 1175 1977 vitia
1194 1934 1302 1996 eaque

107 2051 211 2112 saepe
244 2032 430 2094 admodum
462 2032 587 2113 gravia.
620 2030 686 2113 Qui
719 2031 809 2094 enim
834 2051 1038 2113 quocunque
1063 2033 1166 2095 modo
1190 2032 1303 2115 legen·

107 2152 195 2213 tium
221 2150 353 2213 animos
377 2170 594 2214 commovere
618 2152 743 2226 studet,
768 2151 795 2213 is
819 2171 921 2232 saepe
945 2171 1056 2233 aequo
1080 2153 1229 2234 paratior
1253 2161 1303 2215 est

107 2270 151 2332 ad
177 2289 247 2332 rem
271 2270 430 2351 aliquam,
454 2289 541 2352 quae
565 2270 642 2333 huic
667 2270 842 2352 proposito
866 2271 1037 2345 inserviat,
1063 2271 1302 2353 arripiendam.

109 2388 313 2452 Praesertim
343 2408 421 2451 curn
452 2387 580 2471 aliquid
605 2389 735 2451 invenit
760 2390 851 2471 quod
876 2389 919 2451 sit
943 2389 1063 2464 dirum,
1087 2389 1303 2462 horrendum,

110 2508 287 2584 nefarium,
312 2510 346 2571 id
370 2509 571 2590 quantocius
595 2509 628 2571 in
654 2529 749 2571 usum
769 2528 866 2571 suum
886 2509 1064 2583 convertit,
1085 2508 1174 2572 haud
1196 2511 1304 2590 inqui-

110 2648 189 2691 rens
208 2629 295 2692 sitne
315 2627 495 2692 verisimile
515 2637 550 2691 et
570 2629 777 2690 traditumne
793 2628 836 2690 sit
849 2649 868 2690 a
882 2628 974 2691 bono
986 2637 1134 2690 auctore.
1147 2628 1304 2692 Tacitum

111 2757 205 2811 certe
236 2747 325 2812 haud
357 2747 462 2811 semel
493 2749 622 2811 atrocia
652 2747 699 2809 ita
730 2755 922 2809 narrantem
955 2747 1241 2828 deprehendimus
1269 2755 1306 2810 ut

112 2888 182 2932 non
214 2868 349 2932 difficile
379 2869 422 2930 sit
446 2868 680 2930 demonstrare
712 2887 771 2929 cur
801 2866 858 2928 illa
889 2865 943 2928 vel
975 2868 1113 2929 omnino
1142 2866 1212 2929 fieri
1237 2887 1305 2929 non

112 2988 286 3072 potuerint
318 2958 371 3050 uel
403 2995 494 3049 certe
527 3006 594 3049 non
626 2987 673 3048 sic
706 2994 742 3047 ut
772 2985 913 3047 tradidit
938 2984 1125 3047 historicus
1151 2984 1229 3047 Non
1254 2994 1306 3048 est

111 3108 205 3172 aliud
236 3106 431 3189 exemplum
464 3105 634 3188 insignius,
668 3124 770 3186 quam
802 3104 895 3185 quod
919 3103 1011 3166 Ann.
1037 3103 1076 3166 L.
1101 3103 1187 3165 XIV
1212 3123 1260 3165 cc.
1288 3122 1305 3184 3

112 3247 188 3310 sqq.
220 3227 400 3300 invenitur,
433 3225 489 3287 ubi
522 3223 669 3298 Tacitus,
701 3221 822 3305 quibus
848 3222 957 3284 modis
981 3229 1125 3285 matrem
1151 3222 1307 3285 occidere

113 3355 257 3410 conatus
280 3347 323 3409 sit
348 3346 449 3419 Nero,
475 3352 598 3407 narrat.

159 3466 308 3528 Primum
328 3465 483 3528 audimus
503 3465 545 3526 de
566 3483 652 3526 nave
673 3462 720 3525 ita
741 3461 929 3542 composita
949 3469 986 3523 ut
1006 3481 1084 3541 pars
1100 3460 1170 3523 eius
1183 3469 1305 3542 sponte

112 3585 200 3650 solvi
231 3593 362 3667 posset;
395 3585 442 3646 ita
466 3583 500 3645 in
525 3602 616 3645 mare
640 3580 833 3663 Agrippina
857 3579 1040 3642 decideret.
1066 3579 1201 3640 Novum
1226 3598 1305 3640 con-

113 3704 225 3767 silium
256 3704 316 3766 sed
349 3702 486 3765 minime
517 3699 732 3764 incredibile:
766 3699 900 3761 mentiri
932 3698 1022 3760 enim
1055 3697 1146 3759 Nero
1170 3705 1305 3779 poterat

115 3843 238 3887 navem
259 3822 293 3885 in
312 3821 490 3904 scopulum
509 3820 656 3902 aliquem
677 3818 841 3882 latentem
862 3816 1020 3880 incidisse
1039 3824 1073 3877 et
1092 3817 1139 3878 sic
1161 3834 1304 3877 mersam

113 3963 187 4006 esse
204 3941 236 4025 ¹).
257 3942 437 4005 Praeterea
455 3941 498 4002 ad
519 3960 594 4003 earn
615 3959 685 4002 rem
706 3959 768 4001 non
781 3937 862 4020 plus
881 3957 943 3999 uno
963 3943 1036 3997 erat
1056 3954 1141 4017 opus
1157 3934 1305 3998 conscio.

115 4062 230 4128 Unam
255 4068 387 4123 tantum
412 4059 496 4122 haec
520 4059 668 4122 narratio
693 4055 882 4120 molestiam
903 4054 1018 4131 habet,
1038 4056 1097 4117 sed
1119 4055 1206 4118 hanc
1226 4074 1306 4137 prae

153 4349 180 4416 ι)
199 4350 269 4414 Hoc,
293 4348 371 4398 etiam
395 4347 417 4397 sl
436 4363 506 4398 mare
524 4347 615 4398 luisset
630 4343 838 4410 placidissimum
857 4349 959 4406 poterat
978 4342 1054 4407 lingi3
1074 4341 1145 4406 quod
1164 4356 1209 4390 cur
1227 4346 1307 4404 neget

115 4437 254 4486 Fumeaux
272 4433 475 4500 haudquaquam
494 4433 624 4496 intelligo.
