3258 5240
711 417 754 481 43

136 579 238 641 mites
271 578 428 641 instantis
462 579 646 642 admoneat
681 578 838 661 periculi:
874 578 948 642 illos
978 587 1093 642 tamen
1125 577 1248 642 Bacchi
1281 575 1331 639 vis

134 717 254 760 verum
286 717 403 760 eorum
434 717 570 760 sensum
603 699 794 781 perspicere
818 707 922 762 vetat.
949 698 1026 762 Non
1051 707 1123 761 erat
1148 699 1249 780 igitur
1271 716 1330 759 cur

135 818 367 902 Nipperdeius
398 826 595 882 annotaret:
632 838 686 898 ,es
718 819 761 882 ist
794 819 1029 900 merkwiirdig,
1062 820 1139 882 dass
1163 817 1218 882 die
1243 817 1330 880 nahe

132 937 292 1020 liegende
324 937 541 1020 Vermutung
571 937 655 1001 fehlt
687 937 826 1001 Vettius
857 938 984 1002 Valens
1012 938 1099 1002 habe
1123 959 1161 1002 so
1185 938 1330 1002 ironisch

134 1059 208 1140 (cur
240 1067 355 1120 autem
385 1057 540 1136 εἰρωνικῶς
550 1056 573 1140 l)
600 1059 694 1121 seine
718 1059 837 1140 eigene
863 1058 1026 1140 Meinung
1050 1059 1133 1122 iiber
1157 1059 1211 1121 die
1236 1058 1331 1120 kom-

136 1178 286 1241 menden
307 1177 442 1260 Diogen
461 1177 699 1260 ausgedrtickt,
718 1178 788 1240 und
802 1177 973 1241 vielleicht
985 1179 1028 1240 ist
1040 1179 1112 1240 dies
1125 1176 1329 1260 ausgefallen

135 1295 247 1380 (sorte
276 1297 371 1381 lapsa
401 1297 456 1361 uel
483 1296 615 1361 consilio
642 1299 744 1361 missa
772 1298 855 1360 oder
878 1298 967 1360 iacta
989 1296 1104 1380 uox)”.
1131 1295 1214 1360 Mihi
1239 1295 1329 1359 enim

138 1415 355 1496 „notabilius”
391 1417 572 1492 videretur,
607 1417 634 1479 si
667 1416 732 1479 hoc
760 1416 848 1497 loco,
881 1417 938 1498 qui
969 1424 1062 1480 totus
1093 1417 1185 1479 omni
1215 1415 1328 1497 specie

134 1537 207 1600 veri
238 1545 362 1612 careat,
393 1546 465 1601 tam
490 1540 638 1621 prudens
662 1547 800 1620 tamque
825 1536 1010 1620 probabilis
1033 1537 1180 1620 suspicio
1204 1538 1330 1599 inserta

132 1665 243 1720 esset:
279 1676 356 1720 cum
392 1665 603 1740 contemptu,
640 1665 676 1719 ut
712 1658 843 1740 opinor,
875 1657 1054 1720 abiecisset
1084 1676 1159 1720 eam
1191 1656 1330 1719 Tacitus

133 1776 244 1839 sicubi
269 1778 464 1840 invenisset.

182 1893 336 1978 Scriptor
366 1906 492 1972 autem,
523 1898 581 1980 qui
614 1897 647 1961 id
679 1897 783 1961 habet
815 1898 906 1980 quod
934 1897 999 1960 levi
1024 1895 1222 1980 plebeculae
1246 1895 1329 1960 vitio

133 2015 196 2077 dat
220 2022 398 2097 poetarum
421 2015 622 2080 nostratium
647 2017 733 2091 Rex,
757 2025 794 2079 ut

316 2135 429 2198 Dirior
453 2145 503 2198 est
527 2144 657 2218 quanto
681 2157 734 2199 res
758 2156 924 2219 quaeque,
949 2136 1119 2200 lubentius
1142 2135 1234 2199 illam

317 2253 463 2318 Credere
487 2254 624 2319 festinet
646 2263 744 2319 tanto
760 2253 780 2338 ¹)

135 2391 253 2434 carere
285 2392 326 2435 ea
357 2373 481 2436 virtute
509 2373 605 2449 solet,
631 2394 734 2456 quam
758 2375 791 2437 in
816 2374 978 2437 historico
1001 2395 1082 2458 prae
1106 2375 1226 2438 ceteris
1250 2375 1333 2458 lepi-

134 2491 296 2555 dissimus
322 2493 601 2576 acutissimusque
626 2493 804 2557 historicus
829 2492 1151 2575 Mueller-strubing
1175 2494 1332 2576 requirit:

137 2620 197 2692 ,ut
228 2613 341 2675 iocum
372 2613 572 2696 intelligat''.
604 2613 753 2678 Omnino
784 2615 924 2677 Tacitus
955 2635 975 2677 a
1004 2615 1086 2677 iocis
1110 2622 1160 2676 est
1184 2614 1330 2677 alienus:

132 2730 245 2793 semel
280 2740 412 2795 tantum
448 2733 481 2796 in
518 2741 571 2796 tot
606 2734 777 2816 tantisque
813 2733 999 2797 Annalium
1037 2733 1330 2816 Historiarumque

131 2849 229 2913 libris
252 2859 366 2914 narrat
390 2852 517 2934 aliquid
541 2853 634 2934 quod
658 2853 760 2935 paulo
784 2855 826 2916 sit
851 2853 1013 2929 festivius,
1037 2853 1081 2915 A.
1107 2853 1202 2929 XIII,
1230 2867 1288 2934 54:

182 2969 379 3052 (Frisiorum
409 2970 525 3053 legati)
556 2972 638 3034 dum
669 2971 742 3034 aliis
766 2973 853 3034 curis
876 2973 1047 3036 intentum
1072 2972 1244 3035 Neronem
1269 2992 1330 3054 op·

133 3089 323 3173 periuntur,
343 3090 430 3154 inter
449 3109 500 3166 ea,
520 3110 607 3173 quae
628 3091 779 3154 barbaris
800 3100 1024 3167 ostentantur,
1044 3093 1213 3156 intravere
1232 3093 1328 3155 Pom·

133 3210 194 3293 pei
225 3209 405 3284 theatrum,
437 3229 506 3291 quo
538 3212 807 3293 magnitudinem
839 3211 954 3295 populi
987 3213 1144 3276 viserent.
1173 3212 1245 3276 Illic
1270 3232 1330 3294 per

135 3328 248 3391 otium
279 3329 402 3410 (neque
433 3330 524 3392 enim
556 3329 692 3393 ludicris
714 3331 820 3413 ignari
846 3331 1120 3415 oblectabantur)
1144 3334 1225 3397 dum
1250 3353 1329 3396 con·

133 3467 266 3511 sessum
294 3467 433 3525 caveae,
465 3451 659 3514 discrimina
684 3452 851 3527 ordinum,
874 3454 949 3535 quis
972 3473 1086 3536 eques,
1111 3454 1169 3516 ubi
1192 3463 1330 3518 senatus

134 3575 390 3649 percontantur,
421 3569 601 3633 advertere
631 3571 797 3652 quosdam
829 3571 920 3634 cultu
953 3581 1095 3635 externo
1126 3574 1160 3635 in
1192 3574 1329 3637 sedibus

127 3695 348 3762 senatorum
369 3696 404 3750 et
424 3689 563 3769 quinam
583 3688 704 3765 forent,
725 3691 920 3771 rogitantes,
934 3699 1115 3774 postquam
1128 3693 1328 3755 audiverant

126 3827 252 3872 earum
287 3808 439 3890 gentium
473 3807 594 3890 legatis
625 3808 659 3873 id
690 3807 828 3872 honoris
859 3811 987 3884 datum,
1020 3827 1107 3892 quae
1139 3810 1263 3872 virtute
1292 3818 1326 3872 et

126 3925 285 3992 amicitia
318 3925 472 3990 Romana
504 3926 757 4009 praecellerent,
790 3926 899 3990 nullos
929 3928 1121 3991 mortalium
1144 3929 1245 3990 armis
1268 3938 1327 3992 aut

176 4251 251 4319 1)1n
271 4252 330 4318 ipso
350 4250 529 4316 „Palamedis”
549 4253 638 4302 initio:

404 4337 459 4387 Hel
479 4338 640 4404 wispelturig
658 4338 730 4403 volk,
748 4339 793 4390 dat
811 4340 835 4390 al
855 4349 880 4391 te
899 4341 939 4391 los
957 4358 1008 4393 van
1027 4343 1109 4393 hoold

406 4459 757 4476 ..............
776 4425 890 4491 'tergste
908 4427 979 4478 lielst
996 4429 1104 4492 geloolt.
