3228 5236
872 426 930 487 182

305 607 398 668 cuius
430 607 588 669 maritum
620 604 829 687 Argolicum,
862 625 1017 667 socerum
1041 605 1226 679 Laconem,
1250 623 1268 666 e
1293 603 1499 686 primoribus

304 724 533 800 Achaeorum,
565 724 689 789 Caesar
719 724 902 787 afflixerat:
927 733 1024 806 pater
1047 743 1193 806 quoque,
1219 723 1367 787 inlustris
1391 742 1497 803 eques

306 844 489 918 Romanus,
510 865 550 908 ac
571 844 673 907 irater
694 845 892 927 praetorius,
913 864 990 907 cum
1010 845 1185 907 damnatio
1205 845 1356 918 instaret,
1376 862 1411 904 se
1433 841 1497 924 ipsi

307 963 515 1028 interfecere.
556 965 684 1027 Datum
709 971 781 1026 erat
805 964 945 1038 crimini,
972 964 1063 1045 quod
1089 962 1336 1045 Theophanem
1361 959 1498 1043 Mytile-

309 1103 440 1159 naeum,
466 1103 632 1165 proavum
653 1102 779 1158 eorum,
803 1082 863 1146 Cn.
884 1083 1029 1165 Magnus
1048 1083 1136 1144 inter
1156 1082 1293 1144 intimos
1313 1080 1497 1154 habuisset,

306 1203 467 1285 quodque
481 1202 642 1267 deluncto
654 1202 856 1285 Theophani
870 1201 1033 1265 caelestes
1045 1202 1191 1264 honores
1204 1201 1333 1264 Graeca
1345 1199 1498 1263 adulatio

304 1322 501 1386 tribuerat.”

349 1442 583 1506 Habuisset...
609 1441 783 1505 tribuerat.
818 1439 993 1503 Hanccine
1018 1439 1162 1503 ieramus
1187 1440 1365 1502 modorum
1390 1441 1497 1502 varie-

306 1567 414 1623 tatem
445 1581 521 1625 cum
547 1562 589 1624 de
615 1561 746 1624 duabus
769 1568 889 1642 agatur
912 1560 1023 1634 rebus,
1048 1579 1136 1641 quae
1158 1578 1268 1640 aeque
1293 1567 1404 1622 certae
1430 1559 1498 1622 sint

307 1678 470 1762 utraque?
506 1681 616 1743 Immo
647 1681 808 1743 tribueret
837 1679 921 1761 lege,
954 1680 1001 1741 sic
1034 1687 1069 1741 et
1099 1679 1264 1741 sermonis
1295 1678 1434 1760 puritati
1463 1686 1498 1740 et

307 1799 466 1862 historiae
491 1799 624 1862 veritati
649 1799 839 1862 consultum
866 1799 939 1861 erit.
975 1798 1033 1860 An
1057 1798 1235 1861 credamus
1259 1796 1407 1860 Graecos
1430 1797 1496 1860 iam

307 1927 379 1981 turn
412 1918 550 1981 desiisse
581 1919 615 1980 in
647 1938 771 2001 magno
802 1918 927 1980 habere
960 1915 1053 1980 illurn
1086 1915 1334 1999 Theophanem
1358 1915 1497 1990 honore,

308 2038 469 2118 quiante
493 2044 629 2099 centurn
654 2036 722 2099 lere
745 2056 853 2099 annos
877 2037 1026 2119 ipsorum
1052 2036 1281 2119 prospexisset
1304 2034 1476 2098 libertati?

354 2246 399 2308 A.
422 2246 482 2322 Vl,
504 2262 555 2308 22.
574 2246 664 2310 Satis
676 2246 812 2328 longam
826 2247 868 2310 de
881 2245 1090 2309 divinatione
1104 2219 1381 2328 disputationem,
1394 2265 1496 2328 quam

308 2366 491 2428 narrationi
512 2367 555 2429 de
575 2364 755 2447 Thrasyllo
776 2366 915 2447 eiusque
937 2366 1104 2428 vaticiniis
1123 2365 1285 2440 annectit,
1298 2365 1346 2427 sic
1359 2365 1499 2428 Tacitus

308 2484 451 2547 claudit:

358 2602 513 2687 ,Quippe
538 2624 557 2666 a
584 2603 652 2666 filio
676 2604 828 2667 eiusdem
852 2603 1021 2686 Thrasylli
1043 2605 1254 2686 praedictum
1275 2604 1420 2667 Neronis
1439 2606 1501 2667 im·

310 2725 440 2807 perium
473 2725 507 2786 in
538 2731 693 2806 tempore
727 2723 977 2798 memorabitur,
1010 2744 1053 2786 ne
1086 2743 1174 2787 nunc
1207 2725 1345 2806 incepto
1370 2724 1502 2806 longius

309 2842 483 2906 abierim.”
1115 2817 1123 2828 ⁸

354 2961 441 3024 lllud
467 2983 505 3024 ne
529 2961 668 3025 abierim
692 2980 760 3024 non
785 2969 898 3042 potest
922 2960 1020 3023 aliter
1042 2959 1179 3024 delendi
1204 2981 1305 3042 quam
1329 2963 1376 3024 sic
1401 2970 1438 3024 ut
1458 2964 1502 3025 sit

310 3082 400 3143 idem
430 3081 521 3162 quod
546 3101 584 3143 ne
607 3080 725 3144 abiisse
747 3101 886 3143 censear.
923 3079 990 3144 Sed
1017 3101 1059 3142 ne
1083 3081 1130 3143 sic
1155 3083 1360 3163 accipiamus
1384 3081 1499 3144 obstat

308 3198 507 3261 abverbium
531 3219 629 3261 nunc:
654 3200 725 3261 sive
750 3201 839 3262 enim
863 3201 951 3261 iusto
976 3199 1108 3281 longius
1131 3220 1150 3262 a
1175 3200 1351 3283 proposito
1375 3201 1497 3264 disces-

308 3317 399 3390 sisse,
425 3317 495 3379 sive
520 3317 553 3379 in
579 3316 801 3398 digrediendo
825 3319 948 3380 iustum
973 3319 1170 3381 observasse
1196 3319 1334 3382 modum
1359 3319 1499 3382 Tacitus

309 3435 511 3511 censebitur,
544 3444 705 3498 eventum
727 3437 794 3499 iarn
818 3457 858 3500 ea
883 3458 934 3500 res
958 3437 1061 3500 habet
1086 3458 1196 3519 neque
1222 3439 1343 3501 mutari
1371 3447 1497 3521 potest,

309 3555 440 3618 etiamsi
472 3574 574 3636 quam
607 3555 753 3636 primum
785 3557 996 3638 digrediendi
1028 3556 1130 3620 finem
1163 3556 1273 3620 iaciat.
1311 3557 1433 3638 Neque
1465 3559 1497 3620 in

310 3673 400 3737 hunc
419 3673 531 3737 locum
551 3675 696 3756 quadrat
717 3675 816 3738 illud:
842 3676 1091 3758 „intempore”
1112 3677 1161 3740 ait
1183 3676 1283 3756 ,illud
1304 3677 1348 3739 de
1362 3677 1497 3741 Nerone

308 3793 650 3857 commemorabitur”
684 3794 703 3856 i.
718 3814 746 3856 e.
779 3814 868 3857 nunc
899 3794 989 3856 illam
1015 3815 1085 3857 rem
1110 3793 1240 3869 differ0,
1264 3815 1366 3876 quarn
1391 3796 1418 3858 si
1444 3795 1496 3859 hic

309 3911 434 3973 addere
465 3912 587 3974 vellem
618 3913 706 3975 iusto
737 3911 868 3994 longius
900 3911 964 3975 hoc
990 3912 1084 3975 fieret
1111 3910 1278 3975 ἐπεισόδιον
1288 3940 1295 3988 ;
1323 3913 1356 3975 id
1380 3921 1495 3976 autem

310 4029 405 4091 nolo:
435 4030 532 4108 ,nolo
556 4051 639 4092 nunc
663 4030 706 4092 ab
731 4031 868 4113 incepto
892 4030 1024 4113 longius
1047 4030 1173 4094 abire.”
1200 4031 1396 4114 Requiritur
1416 4052 1496 4114 ergo

310 4167 377 4210 non
402 4147 541 4210 abierim
566 4167 682 4210 verum
702 4149 826 4224 abeam,
847 4150 905 4212 sed
927 4151 1088 4231 quoniam
1108 4149 1172 4212 hoc
1193 4150 1338 4212 traditae
1358 4149 1495 4213 lectioni

310 4286 428 4347 parum
463 4263 570 4328 simile
606 4274 673 4340 est,
716 4267 843 4331 leniore
879 4269 1117 4332 emendatione
1154 4268 1336 4350 legendum
1372 4288 1494 4331 censeo

308 4384 469 4475 aberrepp.
