3228 5236
648 1395 744 1458 XIV.

90 1635 149 1684 AD
176 1634 246 1683 SEX
270 1633 426 1684 PRIORES
447 1633 648 1684 ANNALIUM
670 1633 798 1684 LIBROS
820 1633 1115 1683 ANNOTATIONES
1137 1633 1290 1704 VARIAE.

142 1807 321 1881 Hactenus
355 1817 611 1880 observationes
647 1837 740 1879 meas
773 1815 930 1879 Taciteas
967 1817 1013 1878 ita
1043 1803 1227 1898 ¹disponere
1259 1822 1293 1877 et

90 1939 258 2000 ordinare
290 1938 383 2020 potui
417 1945 454 2000 ut
484 1936 632 2019 capitula
664 1936 751 1999 bene
782 1937 999 2000 cohaerentia
1030 1936 1072 1998 de
1098 1935 1197 1998 variis
1221 1956 1294 1999 nas·

91 2066 259 2120 cerentur
278 2057 494 2139 argumentis.
517 2057 627 2119 Maior
646 2076 734 2119 nunc
755 2064 859 2118 restat
881 2075 968 2138 pars,
989 2077 1075 2138 quae
1097 2056 1187 2119 nullo
1206 2057 1295 2118 inter

93 2199 135 2240 se
169 2178 374 2240 cohaereant
398 2175 543 2239 vinculo
570 2177 621 2240 Ne
646 2185 761 2239 tame'n
785 2175 938 2258 legentes
962 2177 1076 2239 statim
1101 2174 1296 2258 longissima

95 2297 270 2358 variarum
294 2296 554 2358 annotationum
579 2296 751 2358 detineam
771 2296 866 2370 serie,
889 2295 1034 2377 primum
1057 2315 1111 2358 me
1132 2297 1218 2358 intra
1239 2316 1297 2358 eos

98 2413 289 2478 Annalium
315 2413 499 2477 continebo
522 2414 636 2490 libros,
657 2415 714 2496 qui
737 2415 1026 2496 praestantissimo
1047 2424 1223 2477 servantur
1242 2431 1298 2477 co·

98 2535 181 2598 dice
214 2533 370 2597 Mediceo
396 2534 421 2596 1.
447 2531 513 2614 Qui
546 2555 622 2597 cum
655 2534 744 2598 lectu
769 2535 811 2596 sit
836 2532 1022 2608 facillimus
1047 2513 1297 2596 accuratissime

98 2655 249 2736 scriptus
281 2645 362 2716 et'a
386 2654 525 2716 summis
550 2652 730 2736 philologis
755 2653 1010 2734 diligentissime
1035 2633 1204 2728 excussus,
1230 2673 1298 2716 non

101 2775 152 2836 ita
184 2773 279 2836 multi
312 2773 383 2835 eius
415 2780 544 2836 restant
571 2772 648 2848 loci,
673 2773 731 2854 qui
756 2773 904 2853 corrupti
928 2780 986 2834 aut
1010 2771 1214 2835 dubitationi
1240 2772 1299 2835 ob·

102 2891 199 2954 noxii
225 2890 330 2954 videri
356 2891 496 2973 possint.
518 2889 689 2953 Proferam
712 2899 826 2954 tamen
848 2909 940 2952 meas
960 2889 1211 2972 qualescunque
1231 2912 1301 2955 sus·

103 3012 268 3094 piciones,
300 3030 387 3092 quae
412 3009 576 3073 hocloco
602 3030 669 3073 non
695 3009 794 3093 plane
819 3010 978 3091 indignae
1003 3009 1083 3073 mihi
1109 3011 1199 3074 visae
1222 3012 1299 3086 sint,

103 3129 230 3213 quibus
264 3129 436 3192 exhaustis
471 3137 594 3212 sponte
630 3130 710 3191 mihi
747 3129 800 3190 via
835 3130 878 3191 ad
917 3149 1042 3193 novum
1077 3132 1140 3194 erit
1172 3133 1301 3194 munita

102 3257 354 3330 argumentum,
387 3248 478 3329 quod
512 3247 613 3329 paulo
642 3247 836 3330 diligentius
861 3258 1068 3331 pertractare
1093 3271 1159 3314 una
1182 3251 1303 3315 altera-

104 3388 174 3450 que
199 3367 475 3431 observationum
501 3386 651 3429 mearum
675 3366 791 3429 iubere
816 3369 982 3431 videatur.

158 3485 303 3566 „Tiberii
327 3483 458 3566 Gaique
483 3493 517 3547 et
541 3483 671 3548 Claudii
692 3506 731 3548 ac
754 3486 899 3550 Neronis
921 3508 982 3561 res
1005 3487 1202 3550 florentibus
1223 3491 1303 3572 ipsis

107 3608 155 3672 ob
179 3615 307 3670 metum
331 3605 445 3680 salsae,
470 3614 650 3687 postquam
674 3607 870 3669 occiderant
894 3606 1086 3669 recentibus
1106 3607 1192 3668 odiis
1213 3627 1303 3670 com-

108 3727 242 3810 positae
266 3723 378 3788 sunt.”

156 3847 251 3910 Haec
283 3865 348 3927 ego
380 3864 553 3925 nunquam
581 3864 794 3926 concoquere
820 3845 926 3927 potui,
952 3845 1011 3906 sed
1037 3845 1304 3929 quotiescunque

109 3965 265 4029 Annales
294 3964 406 4046 legere
439 3963 564 4044 incipio
595 3964 629 4025 in
660 3964 711 4029 his
743 3963 854 4025 verbis
884 3963 1018 4026 haereo.
1048 3963 1164 4045 Atque
1188 3986 1306 4030 revera

110 4085 247 4149 molesti
268 4084 394 4165 aliquid
416 4085 536 4158 inesse,
557 4083 649 4164 quod
671 4081 791 4144 frustra
808 4102 984 4146 removere
997 4085 1040 4147 sit
1052 4093 1203 4159 conatus
1218 4084 1305 4147 ultro

110 4205 240 4268 indicat
277 4201 506 4285 Nipperdeius
538 4201 601 4264 hac
633 4201 872 4264 annotatione:
901 4203 1173 4286 ²,flc›re²ntibus...
1190 4203 1309 4286 falsae

109 4327 155 4388 ist
175 4323 392 4406 Apposition·
406 4343 446 4384 zu
467 4342 530 4396 res,
553 4321 620 4383 und
634 4321 752 4403 salsae
771 4319 1019 4403 („verfalscht”,
1040 4322 1175 4386 obwohl
1195 4344 1231 4385 es
1248 4323 1308 4385 das

112 4441 282 4526 Adjektiv
303 4442 356 4524 ist)
377 4439 469 4502 steht
490 4440 523 4502 in
545 4440 661 4502 lreiner
682 4440 907 4522 Verbindung
925 4442 984 4504 mit
997 4442 1309 4524 corrzposz'taesunt.'’

1137 4573 1164 4610 11
