3266 5238
878 303 937 365 118

311 485 458 566 tuantes)
494 482 541 547 Μ’
577 485 708 547 Ennius
752 483 941 566 praefectus
976 483 1144 566 supplicio
1179 484 1323 547 duorum
1359 483 1510 546 militum

312 604 464 687 reprimit
489 641 532 650 -
555 605 615 668 sed
640 605 674 667 in
699 605 802 668 breve
826 605 1066 668 tantummodo
1090 613 1236 687 tempus,
1261 624 1339 667 nam
1362 625 1461 667 mox:

360 725 627 804 „intumescente
652 732 747 787 motu
773 724 934 808 profugus
958 732 1179 808 repertusque
1196 723 1229 806 ¹),
1253 734 1434 807 postquam
1458 724 1511 786 in·

311 852 405 907 tutae
437 843 599 920 latebrae,
630 844 837 926 praesidium
868 845 913 908 ab
937 845 1078 909 audacia
1103 853 1292 908 mutuatur:
1317 864 1386 907 non
1408 864 1511 926 prae·

311 962 437 1026 sectum
457 964 502 1026 ab
523 965 572 1040 iis,
594 965 653 1027 sed
675 964 914 1028 Germanicum
936 966 1068 1041 ducem,
1090 967 1149 1028 sed
1169 965 1343 1028 Tiberium
1361 966 1510 1046 impera-

311 1093 420 1148 torem
446 1084 575 1148 violari.
600 1083 706 1148 Simul
731 1085 910 1160 exterritis,
931 1085 989 1167 qui
1009 1085 1222 1160 obstiterant,
1244 1093 1379 1167 raptum
1400 1082 1509 1146 vexil-

311 1203 380 1267 lum
415 1204 459 1267 ad
495 1205 603 1287 ripam
641 1204 752 1278 vertit,
790 1214 824 1267 et
859 1205 886 1267 si
922 1205 997 1286 quis
1031 1205 1167 1287 agmine
1199 1204 1410 1278 decessisset,
1442 1223 1507 1286 pro

311 1323 484 1385 desertore
517 1322 588 1386 sore
618 1322 806 1400 clamitans,
839 1324 973 1387 reduxit
997 1326 1031 1388 in
1056 1324 1198 1387 hiberna
1219 1324 1375 1386 turbidos
1398 1331 1433 1386 et
1459 1325 1508 1386 ui·

312 1442 357 1505 hil
381 1441 512 1506 ausos”.

357 1562 471 1627 Cuivis
505 1562 681 1627 hominum
719 1563 927 1628 multitudini
962 1573 1043 1647 apta
1078 1564 1196 1628 fraude
1231 1565 1412 1646 impeturn¹
1433 1565 1508 1626 dari

312 1703 412 1765 posse
437 1684 601 1759 novimus
626 1686 686 1747 sed
712 1705 798 1767 opus
821 1693 873 1747 est
897 1693 932 1747 ut
953 1685 1010 1768 qui
1030 1683 1087 1748 illa
1107 1684 1224 1748 fraude
1245 1691 1359 1747 utatur
1379 1684 1509 1747 brevis·

312 1803 398 1866 simo
430 1813 585 1886 tempore
616 1806 659 1868 ad
693 1806 905 1887 propositum
933 1805 1036 1868 finem
1061 1824 1131 1867 rem
1157 1804 1364 1886 perduxerit.
1390 1803 1447 1868 Sic
1473 1814 1508 1868 et

312 1925 377 1999 hic,
403 1925 465 1987 nisi
489 1925 699 2006 paucissimis
724 1925 813 1988 horis
834 1925 964 1988 Ennius
985 1925 1101 2008 copias
1121 1924 1194 1988 illas
1214 1925 1248 1988 in
1269 1923 1418 1987 hibernis
1438 1924 1508 1987 col-

311 2044 438 2107 locavit
469 2043 558 2108 fraus
587 2045 735 2127 perpluit
758 2053 793 2108 et
818 2043 924 2108 multo
949 2045 1056 2107 maior
1079 2045 1248 2108 discordia
1272 2045 1437 2126 erumpit:
1464 2045 1508 2107 de

312 2164 441 2246 aliquot
465 2166 596 2228 dierum
621 2165 740 2228 itinere
764 2165 914 2247 cogitare
938 2183 991 2227 res
1014 2165 1088 2246 ipsa
1111 2172 1216 2226 vetat.
1242 2165 1287 2227 Et
1306 2173 1422 2227 tamen
1447 2167 1509 2229 du-

313 2284 405 2347 bium
438 2305 507 2348 non
538 2293 590 2346 est
621 2285 702 2366 quin
734 2305 812 2347 cum
842 2284 992 2347 hibernis
1019 2282 1073 2347 hic
1106 2284 1204 2346 nobis
1231 2303 1284 2346 res
1306 2285 1360 2358 sit,
1384 2284 1442 2346 ubi
1467 2294 1502 2346 et

312 2404 398 2467 aliae
422 2405 534 2467 adsint
558 2405 694 2486 copiae;
721 2425 799 2467 nam
824 2403 904 2467 illud
929 2403 1049 2480 solum,
1074 2403 1166 2485 quod
1192 2403 1324 2466 suntin
1345 2402 1506 2480 hibernis,

313 2523 436 2586 milites
468 2525 510 2587 ad
543 2524 747 2586 discordiam
780 2543 968 2606 propensos
1000 2542 1079 2598 non,
1111 2531 1148 2585 ut
1179 2523 1310 2605 opinor,
1335 2521 1369 2585 in
1394 2523 1506 2586 officio

312 2643 545 2726 obsequioque
581 2642 726 2705 retinere
766 2649 890 2725 potest.
928 2641 1008 2705 Vox
1043 2640 1186 2704 hiberna
1221 2642 1303 2723 quid
1338 2641 1506 2724 significet

312 2763 392 2826 satis
427 2770 584 2826 accurate
619 2783 652 2845 p.
686 2763 728 2840 84
751 2781 802 2843 sq.
839 2761 919 2824 mihi
951 2762 1201 2824 demonstrasse
1233 2762 1368 2825 videor:
1402 2760 1505 2824 talem

311 2891 426 2946 autem
459 2883 577 2946 urbem
610 2882 789 2946 militarem
821 2881 1027 2964 praesidium
1050 2882 1226 2963 ,agitantes
1257 2881 1312 2944 isti
1341 2880 1505 2944 vexillarii

312 3023 380 3066 non
412 3002 613 3076 habuerunt,
646 3003 687 3064 ad
722 3001 895 3083 Visurgim
926 3001 1007 3064 talia
1038 3001 1180 3064 hiberna
1212 3021 1280 3064 non
1307 3000 1503 3078 adsuerunt,

311 3143 392 3205 ergo
417 3122 489 3204 ripa
513 3121 578 3197 illa,
611 3142 679 3204 quo
705 3121 865 3184 vexillum
891 3122 992 3184 vertit
1017 3121 1158 3196 Ennius,
1183 3140 1251 3183 non
1275 3119 1429 3202 Visurgis
1453 3130 1504 3184 est

310 3242 370 3304 sed
404 3239 515 3303 Rheni
546 3241 619 3322 ripa
650 3249 684 3302 et
715 3239 856 3303 hiberna
880 3239 971 3303 nulla
994 3240 1059 3303 alia
1083 3248 1160 3302 sunt
1185 3260 1286 3323 quam
1311 3260 1398 3322 quae
1423 3239 1504 3304 Ger·

312 3361 444 3423 maniae
469 3359 658 3442 legionibus
681 3369 759 3424 sunt
783 3369 938 3424 extructa
958 3360 1012 3423 vel
1033 3361 1067 3423 in
1087 3368 1176 3424 terra
1198 3360 1365 3425 Ubiorum
1385 3361 1426 3442 (c.
1449 3363 1502 3443 36)

311 3480 365 3543 vel
393 3480 487 3561 „loco
512 3481 565 3544 cui
590 3480 719 3544 Vetera
743 3500 867 3544 nomen
892 3479 965 3544 est’'
986 3481 1027 3563 (c.
1050 3481 1117 3562 45).
1139 3479 1307 3562 Sequitur,
1329 3500 1381 3542 res
1400 3481 1503 3544 tristis

311 3603 370 3665 sed
396 3621 475 3666 vera
499 3610 561 3677 cst,
584 3609 621 3664 ut
646 3600 810 3676 Chaucos,
836 3600 990 3683 Visurgis
1014 3599 1182 3682 Albisque
1206 3599 1350 3675 accolas,
1374 3600 1436 3663 sibi
1459 3601 1501 3663 ad

312 3721 471 3784 Rhenum
509 3722 703 3786 habitantes
741 3721 876 3784 finxerit
908 3721 1057 3798 Tacitus,
1091 3702 1190 3803 plane
1222 3720 1347 3783 oblitus
1377 3740 1502 3798 eorum,

311 3862 398 3923 quae
422 3851 502 3904 ante
526 3842 656 3924 aliquot
679 3862 787 3905 annos
811 3841 990 3923 scripserat
1012 3840 1052 3905 G.
1075 3855 1133 3922 35:
1158 3840 1390 3922 ,Chaucorum
1410 3860 1501 3922 gens,

311 3980 519 4042 quamquam
552 3962 692 4043 incipiat
715 3981 736 4024 a
760 3962 876 4025 Frisiis
901 3981 940 4024 ac
965 3970 1096 4043 partem
1120 3961 1228 4023 litoris
1252 3968 1408 4043 occupet,
1432 3980 1501 4024 om·
1593 4009 1594 4028 r

311 4081 415 4156 nium,
446 4100 530 4162 quas
561 4081 714 4161 exposui,
738 4081 891 4163 gentium
915 4081 1078 4144 lateribus
1102 4080 1310 4156 obtenditur,
1335 4081 1444 4144 donec
1468 4083 1499 4144 in

349 4337 374 4404 r)
393 4335 497 4401 Ecquid
515 4335 655 4386 delendum
674 4337 742 4387 istud
761 4341 947 4403 repertusque?
