3248 5230
115 608 177 688 ἔφη
212 606 371 688 πρόρρησιν
403 604 644 683 ἐμπεπτωκέναι
674 609 829 683 λογισμοῦ
853 605 982 684 δεομένῳ
1006 599 1178 683 χρημάτων
1203 601 1306 681 abari:

118 729 263 794 Galliam
288 731 377 793 enim
402 729 578 792 subactam
601 729 664 792 sibi
689 728 836 810 praedae
860 726 941 800 lore,
967 725 1095 789 Galbae
1116 744 1197 788 vero
1217 723 1308 786 bona

117 850 232 913 statim
264 870 300 912 se
331 848 556 912 venditurum.
590 848 659 910 Ista
683 844 840 930 πρόρρησιν
864 849 1019 923 λογισμοῦ
1045 864 1112 908 σοιν
1136 841 1307 924 intelligo:

9 1005 10 1016 ι
115 976 295 1052 expectem
320 969 389 1032 lere
413 961 570 1046 πρόφασιν
593 969 831 1046 χρηματισμοῦ.

162 1085 271 1151 Galba
296 1087 363 1150 VII
400 1087 502 1160 Mane
534 1088 577 1150 ad
604 1085 746 1150 Galbam
772 1083 880 1151 Icelus
905 1083 1015 1147 Roma
1038 1083 1131 1147 venit
1152 1081 1310 1144 nuntians

118 1201 163 1271 ὅτι
194 1203 247 1270 καί
279 1205 386 1287 ζῶντος
420 1203 464 1268 ἔτι
489 1209 543 1268 τοῦ
569 1203 714 1283 Νέρωνος,
737 1206 790 1267 οὐκ
816 1199 900 1272 ὄντος
926 1201 958 1265 δὲ
981 1203 1129 1280 Φανεροῖι,
1153 1200 1188 1262 τὸ
1213 1221 1292 1279 στρα

117 1349 222 1402 τενμα
257 1330 372 1405 πρῶτον
405 1319 475 1389 εἶτα
507 1324 520 1387 ί
552 1323 646 1402 δῆμος
678 1324 730 1387 καί
764 1325 780 1397 ἡ
813 1321 991 1400 σύγκλητος
1019 1317 1232 1400 αὐτοκράτορα
1255 1317 1308 1382 τὸν

9 1487 10 1496 1
119 1444 254 1522 Γάλβαν
286 1445 534 1526 ἀναγορεύσειεν.
567 1446 632 1510 Pro
662 1443 714 1507 καί
750 1444 859 1526 ζῶντος
891 1442 1071 1526 requiritur
1100 1440 1216 1522 {duros
1239 1436 1308 1516 μέν.

119 1568 223 1632 Paulo
248 1577 326 1652 post
350 1567 517 1650 sequitur:
544 1565 598 1630 hic
622 1567 759 1629 nuntius
783 1564 926 1628 Galbam
950 1563 1077 1626 clarum
1102 1561 1251 1624 reddidit
1275 1568 1310 1623 et

118 1688 162 1750 ad
194 1686 283 1750 fores
307 1688 377 1750 eius
401 1689 545 1751 accurrit
569 1685 751 1750 multitudo
777 1685 951 1748 hominum
975 1677 1235 1759 ἐκτεθαρρηκότων
1257 1677 1310 1742 ὑπ’

117 1806 214 1870 αὑτοῦ
237 1805 390 1882 βεβαίας.
423 1806 457 1870 Α
481 1803 652 1888 quonam?
675 1804 734 1867 Ab
758 1801 915 1868 Icelone?
939 1803 1044 1864 Tum:
1069 1798 1228 1888 καίτοιτὸ
1253 1796 1310 1861 τά-

116 1947 176 2004 χος
208 1921 242 1998 ἦν
278 1924 422 1989 ἀπιστον.
455 1923 560 1988 Ἀλλά
593 1921 646 1987 καί
671 1921 755 1987 δυσίν
781 1920 909 2002 ἡμέροις
935 1921 1055 1990 Οὐίνιος
1081 1917 1176 1990 Τίτος
1203 1916 1310 1982 πολλοὶ

116 2049 176 2108 τῶν
211 2043 275 2108 ἀπὸ
307 2043 516 2123 στρατοπέδου
549 2023 617 2119 μεθ’
650 2041 757 2122 ἑτέρον
782 2041 915 2122 ἀφίκετο
942 2041 984 2104 τά
1010 2038 1145 2116 δέξοιντο
1168 2047 1207 2118 τῇ
1232 2061 1311 2115 συγ-

119 2164 223 2245 κλήτῳ
247 2166 315 2228 καθ’
340 2161 471 2228 ἕκαστον
494 2163 728 2241 ἀπαγγέλλων.
753 2164 852 2228 Plura
875 2164 930 2227 hic
954 2171 1033 2227 sunt
1052 2162 1187 2226 turbata
1208 2161 1311 2244 (certe

119 2295 317 2370 corruptum
350 2295 401 2348 est
432 2283 539 2348 πολλοὶ
570 2285 651 2368 τῶν),
676 2285 735 2348 sed
761 2284 917 2347 universa
940 2282 1109 2354 sententia
1134 2280 1216 2349 mihi
1239 2278 1312 2363 qui-

122 2406 201 2469 dem
234 2406 317 2468 haec
342 2425 414 2468 esse
440 2405 591 2468 videtur:
620 2414 753 2484 „tamen
778 2406 851 2487 ipsa
874 2403 1028 2467 celeritas
1052 2401 1215 2465 militibus
1240 2420 1316 2482 pro-

122 2524 390 2608 vincialibusque
420 2526 648 2609 suspicionem
680 2525 817 2589 iniicere
848 2524 1029 2588 debuerat:
1055 2523 1201 2585 Romam
1225 2519 1315 2583 enim

124 2645 180 2726 qui
213 2644 256 2707 ab
287 2665 330 2708 eo
360 2645 479 2708 missus
510 2653 582 2708 erat
614 2645 657 2707 ad
682 2664 793 2707 rerum
817 2643 1084 2726 opinionumque
1107 2648 1233 2704 statum
1257 2657 1314 2700 ex·

122 2763 336 2845 plorandum,
368 2764 465 2827 Titus
498 2762 628 2838 Vinius,
662 2763 727 2826 iam
760 2762 861 2826 tertio
892 2763 948 2826 die
977 2763 1096 2824 aderat
1119 2765 1314 2822 accuratum

122 2882 269 2946 referens
294 2885 448 2946 nuntium
473 2884 516 2946 de
540 2892 675 2946 senatus
699 2881 900 2948 sententia.”

170 3004 306 3085 „Atque
339 3003 460 3067 Vinius
495 3004 634 3084 quidem
670 3004 712 3066 ad
749 3004 1000 3067 honoratiorem
1033 2999 1172 3065 militiae
1202 2998 1315 3062 locum

124 3121 393 3204 provehebatur:
426 3122 549 3190 liberto
580 3123 742 3185 annulum
774 3122 870 3186 dedit
893 3142 1031 3185 aureum
1055 3124 1108 3184 καὶ
1133 3116 1314 3197 Μαρκιανὸς

124 3239 137 3303 ὁ
155 3239 277 3311 Ἴκελος
299 3239 352 3314 ἤδη
376 3241 566 3318 καλούμενος
588 3241 676 3305 κτὲ.”
706 3243 882 3305 Libertum
903 3240 996 3304 illum
1016 3240 1143 3305 Icelum
1156 3255 1229 3303 esse
1242 3238 1316 3332 quis

126 3370 197 3425 tam
226 3361 331 3425 hebes
356 3364 413 3445 qui
438 3383 505 3425 non
531 3361 717 3446 intelligat?
743 3364 834 3445 Ergo
858 3362 912 3426 hic
936 3359 1091 3430 ίἼκελος
1115 3359 1316 3425 tollendum.

172 3482 282 3546 Galba
306 3482 338 3544 X
376 3481 506 3545 Metum
530 3483 633 3546 etiam
657 3483 786 3547 Galbae
806 3483 978 3546 inliciebat
999 3481 1171 3564 Virginius
1193 3480 1315 3542 Rufus:

127 3621 229 3666 nemo
253 3602 343 3664 enim
367 3610 463 3666 tanta
487 3612 559 3666 erat
582 3603 672 3666 fama
696 3612 823 3685 quanta
846 3601 912 3676 ille,
936 3601 973 3670 ἀς
998 3599 1137 3678 μεγίστη
1156 3601 1231 3678 ρὀπρῑ
1252 3603 1316 3667 τοῖς

125 3719 285 3798 Ῥωμαίων
305 3719 476 3801 πράγμασι
497 3722 671 3800 τυραννίδος
692 3721 767 3798 ίμοῦ
788 3721 840 3784 καί
856 3726 1040 3784 Γαλατικῶν
1054 3719 1316 3795 πολέμωνάπαλ-

124 3841 213 3919 λοιγὶι
250 3839 426 3920 γενόμενος.
461 3840 516 3905 Sic
548 3844 702 3917 codices;
728 3862 789 3925 pro
812 3839 951 3920 μεγίστη
974 3840 1198 3920 ρὀπηίῖοιοοε
1221 3859 1316 3922 prae·

125 3971 228 4027 eunte
254 3961 392 4025 Reiskio
414 3961 552 4038 μεγίστη
577 3961 663 4040 ρὀπνί.
690 3962 900 4038 Rectissime,
924 3962 984 4024 sed
1010 3961 1119 4032 minus
1143 3968 1235 4023 recte
1255 3979 1317 4042 pro

126 4080 310 4158 ἀπαλλαγή
343 4082 438 4145 dedit
468 4081 662 4162 ἀπαλλαγῇ.
695 4081 773 4146 Non
801 4081 891 4145 enim
916 4089 1115 4164 persanatur
1138 4079 1231 4142 locus
1256 4079 1317 4141 nisi

127 4204 352 4279 ἀπαλλαγεῖσι
377 4203 564 4266 scribimus,

175 4323 284 4388 Galba
304 4323 354 4386 XI
388 4323 498 4386 Primo
518 4333 673 4406 tempore
694 4322 860 4386 bonorum
880 4322 1032 4386 omnium
1048 4321 1183 4384 laudem
1197 4319 1319 4384 meruit

131 4443 240 4510 Galba
271 4441 469 4524 simpliciter
500 4443 648 4506 vivendo
679 4449 713 4504 et
738 4441 838 4508 rebus
862 4441 1018 4526 pretiosis
1041 4460 1128 4523 quae
1154 4439 1184 4502 ei
1208 4459 1226 4501 e
1253 4437 1320 4504 Ne-
