<?xml version="1.0" encoding="UTF-8"?>
<!DOCTYPE html PUBLIC "-//W3C//DTD XHTML 1.0 Transitional//EN"
    "http://www.w3.org/TR/xhtml1/DTD/xhtml1-transitional.dtd">
<html xmlns="http://www.w3.org/1999/xhtml" xml:lang="en" lang="en">
 <head>
  <title>
</title>
<meta http-equiv="Content-Type" content="text/html;charset=utf-8" />
  <meta name='ocr-system' content='tesseract 3.04.00' />
  <meta name='ocr-capabilities' content='ocr_page ocr_carea ocr_par ocr_line ocrx_word'/>
</head>
<body>
  <div class='ocr_page' id='page_1' title='image "./analectatacitea01hartgoog_0224.png"; bbox 0 0 3228 5236; ppageno 0'>
   <div class='ocr_carea' id='block_1_1' title="bbox 643 439 706 504">
    <p class='ocr_par' dir='ltr' id='par_1_1' title="bbox 643 439 706 504">
     <span class='ocr_line' id='line_1_1' title="bbox 643 439 706 504; baseline 0.016 -19"><span class='ocrx_word' id='word_1_1' title='bbox 643 439 706 504; x_wconf 86' lang='lat'>²13</span> 
     </span>
    </p>
   </div>
   <div class='ocr_carea' id='block_1_2' title="bbox 83 602 1268 1764">
    <p class='ocr_par' dir='ltr' id='par_1_2' title="bbox 83 602 1268 904">
     <span class='ocr_line' id='line_1_2' title="bbox 86 602 1268 687; baseline 0.002 -23"><span class='ocrx_word' id='word_1_2' title='bbox 86 604 229 667; x_wconf 90' lang='lat' dir='ltr'>extincto</span> <span class='ocrx_word' id='word_1_3' title='bbox 240 602 403 678; x_wconf 92' lang='lat' dir='ltr'>Maxim0,</span> <span class='ocrx_word' id='word_1_4' title='bbox 413 603 555 666; x_wconf 91' lang='lat' dir='ltr'>dubium</span> <span class='ocrx_word' id='word_1_5' title='bbox 568 624 610 666; x_wconf 92' lang='lat' dir='ltr'>an</span> <span class='ocrx_word' id='word_1_6' title='bbox 625 606 778 685; x_wconf 88' lang='lat' dir='ltr'>quaesita</span> <span class='ocrx_word' id='word_1_7' title='bbox 791 614 900 668; x_wconf 88' lang='lat' dir='ltr'>morte</span> <span class='ocrx_word' id='word_1_8' title='bbox 912 604 944 687; x_wconf 80' lang='lat'>¹),</span> <span class='ocrx_word' id='word_1_9' title='bbox 958 605 1093 667; x_wconf 90' lang='lat' dir='ltr'>auditos</span> <span class='ocrx_word' id='word_1_10' title='bbox 1104 604 1138 666; x_wconf 93' lang='lat' dir='ltr'>in</span> <span class='ocrx_word' id='word_1_11' title='bbox 1153 604 1268 668; x_wconf 86' lang='lat' dir='ltr'>sunere</span> 
     </span>
     <span class='ocr_line' id='line_1_3' title="bbox 83 722 1268 806; baseline 0.003 -22"><span class='ocrx_word' id='word_1_12' title='bbox 83 723 144 784; x_wconf 89' lang='lat' dir='ltr'>eius</span> <span class='ocrx_word' id='word_1_13' title='bbox 163 722 312 785; x_wconf 88' lang='lat' dir='ltr'>Marciae</span> <span class='ocrx_word' id='word_1_14' title='bbox 330 723 595 804; x_wconf 82' lang='lat' dir='ltr'>gemitussemet</span> <span class='ocrx_word' id='word_1_15' title='bbox 609 724 802 799; x_wconf 74' lang='lat' dir='ltr'>incusantis</span> <span class='ocrx_word' id='word_1_16' title='bbox 818 725 909 806; x_wconf 93' lang='lat' dir='ltr'>quod</span> <span class='ocrx_word' id='word_1_17' title='bbox 924 744 1025 788; x_wconf 89' lang='lat' dir='ltr'>causa</span> <span class='ocrx_word' id='word_1_18' title='bbox 1037 725 1132 787; x_wconf 89' lang='lat' dir='ltr'>exitii</span> <span class='ocrx_word' id='word_1_19' title='bbox 1147 725 1268 788; x_wconf 89' lang='lat' dir='ltr'>marito</span> 
     </span>
     <span class='ocr_line' id='line_1_4' title="bbox 84 840 223 904; baseline 0 0"><span class='ocrx_word' id='word_1_20' title='bbox 84 840 223 904; x_wconf 82' lang='lat' dir='ltr'>luisset.”</span> 
     </span>
    </p>

    <p class='ocr_par' dir='ltr' id='par_1_3' title="bbox 84 961 1268 1764">
     <span class='ocr_line' id='line_1_5' title="bbox 120 961 1267 1044; baseline 0.003 -21"><span class='ocrx_word' id='word_1_21' title='bbox 120 961 315 1036; x_wconf 68' lang='lat' dir='ltr'>Videamus</span> <span class='ocrx_word' id='word_1_22' title='bbox 349 963 416 1043; x_wconf 90' lang='lat' dir='ltr'>qui.</span> <span class='ocrx_word' id='word_1_23' title='bbox 439 982 553 1024; x_wconf 90' lang='lat' dir='ltr'>rumor</span> <span class='ocrx_word' id='word_1_24' title='bbox 584 961 639 1024; x_wconf 90' lang='lat' dir='ltr'>ille</span> <span class='ocrx_word' id='word_1_25' title='bbox 670 962 770 1026; x_wconf 87' lang='lat' dir='ltr'>suerit</span> <span class='ocrx_word' id='word_1_26' title='bbox 794 983 862 1044; x_wconf 94' lang='lat' dir='ltr'>quo</span> <span class='ocrx_word' id='word_1_27' title='bbox 887 963 1059 1026; x_wconf 82' lang='lat' dir='ltr'>nitebatur</span> <span class='ocrx_word' id='word_1_28' title='bbox 1083 963 1200 1044; x_wconf 93' lang='lat' dir='ltr'>opinio</span> <span class='ocrx_word' id='word_1_29' title='bbox 1225 965 1267 1027; x_wconf 92' lang='lat' dir='ltr'>de</span> 
     </span>
     <span class='ocr_line' id='line_1_6' title="bbox 84 1082 1267 1164; baseline 0.002 -22"><span class='ocrx_word' id='word_1_30' title='bbox 84 1101 206 1143; x_wconf 91' lang='lat' dir='ltr'>veneno</span> <span class='ocrx_word' id='word_1_31' title='bbox 237 1102 257 1144; x_wconf 93' lang='lat' dir='ltr'>a</span> <span class='ocrx_word' id='word_1_32' title='bbox 290 1082 389 1145; x_wconf 90' lang='lat' dir='ltr'>Livia</span> <span class='ocrx_word' id='word_1_33' title='bbox 416 1082 574 1164; x_wconf 86' lang='lat' dir='ltr'>Augusto</span> <span class='ocrx_word' id='word_1_34' title='bbox 605 1083 694 1157; x_wconf 91' lang='lat' dir='ltr'>data,</span> <span class='ocrx_word' id='word_1_35' title='bbox 720 1092 822 1164; x_wconf 91' lang='lat' dir='ltr'>atque</span> <span class='ocrx_word' id='word_1_36' title='bbox 847 1083 1046 1147; x_wconf 86' lang='lat' dir='ltr'>inducarnus</span> <span class='ocrx_word' id='word_1_37' title='bbox 1069 1083 1267 1164; x_wconf 89' lang='lat' dir='ltr'>loquentem</span> 
     </span>
     <span class='ocr_line' id='line_1_7' title="bbox 84 1170 1268 1285; baseline 0.003 -25"><span class='ocrx_word' id='word_1_38' title='bbox 84 1199 221 1281; x_wconf 88' lang='lat' dir='ltr'>aliquem</span> <span class='ocrx_word' id='word_1_39' title='bbox 241 1202 284 1263; x_wconf 90' lang='lat' dir='ltr'>de</span> <span class='ocrx_word' id='word_1_40' title='bbox 305 1201 407 1284; x_wconf 89' lang='lat' dir='ltr'>vulgo</span> <span class='ocrx_word' id='word_1_41' title='bbox 428 1202 614 1277; x_wconf 90' lang='lat' dir='ltr'>hominurn,</span> <span class='ocrx_word' id='word_1_42' title='bbox 636 1223 779 1284; x_wconf 91' lang='lat' dir='ltr'>quorum</span> <span class='ocrx_word' id='word_1_43' title='bbox 801 1223 840 1265; x_wconf 92' lang='lat' dir='ltr'>ea</span> <span class='ocrx_word' id='word_1_44' title='bbox 857 1170 1103 1285; x_wconf 32' lang='lat' dir='ltr'>fuerit‘opinio:</span> <span class='ocrx_word' id='word_1_45' title='bbox 1122 1222 1268 1284; x_wconf 86' lang='lat' dir='ltr'>,paucos</span> 
     </span>
     <span class='ocr_line' id='line_1_8' title="bbox 84 1321 1266 1405; baseline 0.003 -24"><span class='ocrx_word' id='word_1_46' title='bbox 84 1328 156 1381; x_wconf 89' lang='lat' dir='ltr'>ante</span> <span class='ocrx_word' id='word_1_47' title='bbox 186 1341 318 1383; x_wconf 91' lang='lat' dir='ltr'>menses</span> <span class='ocrx_word' id='word_1_48' title='bbox 350 1321 525 1404; x_wconf 88' lang='lat' dir='ltr'>Augustus</span> <span class='ocrx_word' id='word_1_49' title='bbox 557 1322 744 1386; x_wconf 83' lang='lat' dir='ltr'>Planasiam</span> <span class='ocrx_word' id='word_1_50' title='bbox 777 1331 894 1385; x_wconf 89' lang='lat' dir='ltr'>vectus</span> <span class='ocrx_word' id='word_1_51' title='bbox 925 1331 977 1385; x_wconf 89' lang='lat' dir='ltr'>est</span> <span class='ocrx_word' id='word_1_52' title='bbox 1007 1323 1050 1385; x_wconf 94' lang='lat' dir='ltr'>ad</span> <span class='ocrx_word' id='word_1_53' title='bbox 1075 1321 1266 1405; x_wconf 87' lang='lat' dir='ltr'>Agrippam</span> 
     </span>
     <span class='ocr_line' id='line_1_9' title="bbox 86 1441 1268 1524; baseline 0.005 -24"><span class='ocrx_word' id='word_1_54' title='bbox 86 1441 265 1517; x_wconf 87' lang='lat' dir='ltr'>visendum,</span> <span class='ocrx_word' id='word_1_55' title='bbox 298 1442 401 1523; x_wconf 93' lang='lat' dir='ltr'>idque</span> <span class='ocrx_word' id='word_1_56' title='bbox 427 1462 530 1523; x_wconf 90' lang='lat' dir='ltr'>quam</span> <span class='ocrx_word' id='word_1_57' title='bbox 563 1444 710 1505; x_wconf 86' lang='lat' dir='ltr'>maxime</span> <span class='ocrx_word' id='word_1_58' title='bbox 741 1452 882 1517; x_wconf 89' lang='lat' dir='ltr'>secreto,</span> <span class='ocrx_word' id='word_1_59' title='bbox 915 1463 1061 1524; x_wconf 92' lang='lat' dir='ltr'>namque</span> <span class='ocrx_word' id='word_1_60' title='bbox 1086 1462 1163 1505; x_wconf 91' lang='lat' dir='ltr'>curn</span> <span class='ocrx_word' id='word_1_61' title='bbox 1188 1462 1268 1506; x_wconf 91' lang='lat' dir='ltr'>cura</span> 
     </span>
     <span class='ocr_line' id='line_1_10' title="bbox 85 1558 1267 1645; baseline 0.005 -25"><span class='ocrx_word' id='word_1_62' title='bbox 85 1558 225 1641; x_wconf 87' lang='lat' dir='ltr'>elegerat</span> <span class='ocrx_word' id='word_1_63' title='bbox 257 1581 385 1636; x_wconf 90' lang='lat' dir='ltr'>omnes,</span> <span class='ocrx_word' id='word_1_64' title='bbox 418 1563 475 1643; x_wconf 94' lang='lat' dir='ltr'>qui</span> <span class='ocrx_word' id='word_1_65' title='bbox 510 1562 543 1625; x_wconf 93' lang='lat' dir='ltr'>in</span> <span class='ocrx_word' id='word_1_66' title='bbox 577 1563 654 1625; x_wconf 91' lang='lat' dir='ltr'>navi</span> <span class='ocrx_word' id='word_1_67' title='bbox 685 1559 829 1644; x_wconf 78' lang='lat' dir='ltr'>erant²l,</span> <span class='ocrx_word' id='word_1_68' title='bbox 862 1571 964 1644; x_wconf 92' lang='lat' dir='ltr'>atque</span> <span class='ocrx_word' id='word_1_69' title='bbox 996 1564 1029 1625; x_wconf 94' lang='lat' dir='ltr'>in</span> <span class='ocrx_word' id='word_1_70' title='bbox 1062 1563 1135 1645; x_wconf 92' lang='lat' dir='ltr'>ipsa</span> <span class='ocrx_word' id='word_1_71' title='bbox 1160 1563 1267 1626; x_wconf 89' lang='lat' dir='ltr'>insula</span> 
     </span>
     <span class='ocr_line' id='line_1_11' title="bbox 85 1681 1266 1764; baseline 0.004 -24"><span class='ocrx_word' id='word_1_72' title='bbox 85 1699 179 1742; x_wconf 90' lang='lat' dir='ltr'>unum</span> <span class='ocrx_word' id='word_1_73' title='bbox 202 1688 335 1744; x_wconf 90' lang='lat' dir='ltr'>tanturn</span> <span class='ocrx_word' id='word_1_74' title='bbox 361 1681 521 1744; x_wconf 88' lang='lat' dir='ltr'>comitem</span> <span class='ocrx_word' id='word_1_75' title='bbox 548 1682 696 1745; x_wconf 89' lang='lat' dir='ltr'>habebat</span> <span class='ocrx_word' id='word_1_76' title='bbox 720 1683 866 1745; x_wconf 85' lang='lat' dir='ltr'>Fabium</span> <span class='ocrx_word' id='word_1_77' title='bbox 888 1682 1086 1758; x_wconf 90' lang='lat' dir='ltr'>Maximum,</span> <span class='ocrx_word' id='word_1_78' title='bbox 1107 1684 1164 1764; x_wconf 93' lang='lat' dir='ltr'>qui</span> <span class='ocrx_word' id='word_1_79' title='bbox 1185 1703 1266 1764; x_wconf 90' lang='lat' dir='ltr'>ergo</span> 
     </span>
    </p>
   </div>
   <div class='ocr_carea' id='block_1_3' title="bbox 83 1771 1264 1884">
    <p class='ocr_par' dir='ltr' id='par_1_4' title="bbox 83 1771 1264 1884">
     <span class='ocr_line' id='line_1_12' title="bbox 83 1771 1264 1884; baseline 0.007 -26"><span class='ocrx_word' id='word_1_80' title='bbox 83 1797 199 1874; x_wconf 85' lang='lat' dir='ltr'>adluit,</span> <span class='ocrx_word' id='word_1_81' title='bbox 232 1820 310 1862; x_wconf 92' lang='lat' dir='ltr'>curn</span> <span class='ocrx_word' id='word_1_82' title='bbox 343 1771 519 1883; x_wconf 77' lang='lat' dir='ltr'>Augustus</span> <span class='ocrx_word' id='word_1_83' title='bbox 551 1821 627 1864; x_wconf 89' lang='lat' dir='ltr'>cum</span> <span class='ocrx_word' id='word_1_84' title='bbox 660 1801 815 1884; x_wconf 86' lang='lat' dir='ltr'>Agrippa</span> <span class='ocrx_word' id='word_1_85' title='bbox 847 1802 1066 1883; x_wconf 86' lang='lat' dir='ltr'>loquebatur:</span> <span class='ocrx_word' id='word_1_86' title='bbox 1098 1803 1264 1866; x_wconf 90' lang='lat' dir='ltr'>eiusmodi</span> 
     </span>
    </p>
   </div>
   <div class='ocr_carea' id='block_1_4' title="bbox 82 1918 1266 4033">
    <p class='ocr_par' dir='ltr' id='par_1_5' title="bbox 82 1918 1266 3676">
     <span class='ocr_line' id='line_1_13' title="bbox 82 1918 1265 2004; baseline 0.005 -25"><span class='ocrx_word' id='word_1_87' title='bbox 82 1927 186 2004; x_wconf 72' lang='lat' dir='ltr'>autem</span> <span class='ocrx_word' id='word_1_88' title='bbox 204 1918 411 2001; x_wconf 91' lang='lat' dir='ltr'>colloquium</span> <span class='ocrx_word' id='word_1_89' title='bbox 430 1920 491 1983; x_wconf 85' lang='lat' dir='ltr'>suit</span> <span class='ocrx_word' id='word_1_90' title='bbox 510 1921 602 1996; x_wconf 89' lang='lat' dir='ltr'>illud,</span> <span class='ocrx_word' id='word_1_91' title='bbox 622 1931 658 1983; x_wconf 94' lang='lat' dir='ltr'>ut</span> <span class='ocrx_word' id='word_1_92' title='bbox 670 1922 807 1985; x_wconf 91' lang='lat' dir='ltr'>iamiam</span> <span class='ocrx_word' id='word_1_93' title='bbox 821 1923 908 1984; x_wconf 90' lang='lat' dir='ltr'>inter</span> <span class='ocrx_word' id='word_1_94' title='bbox 920 1942 1021 1985; x_wconf 91' lang='lat' dir='ltr'>avum</span> <span class='ocrx_word' id='word_1_95' title='bbox 1036 1931 1265 2004; x_wconf 87' lang='lat' dir='ltr'>nepotemque</span> 
     </span>
     <span class='ocr_line' id='line_1_14' title="bbox 82 2037 1266 2124; baseline 0.005 -26"><span class='ocrx_word' id='word_1_96' title='bbox 82 2037 325 2101; x_wconf 90' lang='lat' dir='ltr'>reconciliatum</span> <span class='ocrx_word' id='word_1_97' title='bbox 349 2040 387 2101; x_wconf 94' lang='lat' dir='ltr'>iri</span> <span class='ocrx_word' id='word_1_98' title='bbox 411 2040 556 2120; x_wconf 88' lang='lat' dir='ltr'>gratiam</span> <span class='ocrx_word' id='word_1_99' title='bbox 580 2049 769 2123; x_wconf 89' lang='lat' dir='ltr'>appareret.</span> <span class='ocrx_word' id='word_1_100' title='bbox 796 2040 907 2122; x_wconf 86' lang='lat' dir='ltr'>Quam</span> <span class='ocrx_word' id='word_1_101' title='bbox 930 2061 1012 2116; x_wconf 90' lang='lat' dir='ltr'>rem,</span> <span class='ocrx_word' id='word_1_102' title='bbox 1033 2042 1266 2124; x_wconf 89' lang='lat' dir='ltr'>maximopere</span> 
     </span>
     <span class='ocr_line' id='line_1_15' title="bbox 83 2154 1265 2242; baseline 0.008 -27"><span class='ocrx_word' id='word_1_103' title='bbox 83 2154 261 2231; x_wconf 89' lang='lat' dir='ltr'>celandam,</span> <span class='ocrx_word' id='word_1_104' title='bbox 283 2155 410 2219; x_wconf 89' lang='lat' dir='ltr'>Fabius</span> <span class='ocrx_word' id='word_1_105' title='bbox 430 2160 526 2222; x_wconf 94' lang='lat' dir='ltr'>uxori</span> <span class='ocrx_word' id='word_1_106' title='bbox 548 2159 695 2222; x_wconf 90' lang='lat' dir='ltr'>Marciae</span> <span class='ocrx_word' id='word_1_107' title='bbox 715 2161 847 2241; x_wconf 92' lang='lat' dir='ltr'>aperuit</span> <span class='ocrx_word' id='word_1_108' title='bbox 868 2167 970 2242; x_wconf 92' lang='lat' dir='ltr'>atque</span> <span class='ocrx_word' id='word_1_109' title='bbox 991 2160 1047 2222; x_wconf 91' lang='lat' dir='ltr'>illa</span> <span class='ocrx_word' id='word_1_110' title='bbox 1061 2161 1188 2224; x_wconf 91' lang='lat' dir='ltr'>Liviae.</span> <span class='ocrx_word' id='word_1_111' title='bbox 1212 2161 1265 2224; x_wconf 89' lang='lat' dir='ltr'>En</span> 
     </span>
     <span class='ocr_line' id='line_1_16' title="bbox 85 2260 1265 2343; baseline 0.008 -9"><span class='ocrx_word' id='word_1_112' title='bbox 85 2274 186 2338; x_wconf 89' lang='lat' dir='ltr'>subito</span> <span class='ocrx_word' id='word_1_113' title='bbox 219 2275 347 2339; x_wconf 89' lang='lat' dir='ltr'>Fabius</span> <span class='ocrx_word' id='word_1_114' title='bbox 378 2260 535 2340; x_wconf 78' lang='lat' dir='ltr'>inoritur:</span> <span class='ocrx_word' id='word_1_115' title='bbox 567 2299 735 2342; x_wconf 91' lang='lat' dir='ltr'>venenum</span> <span class='ocrx_word' id='word_1_116' title='bbox 761 2280 917 2342; x_wconf 90' lang='lat' dir='ltr'>nimirum</span> <span class='ocrx_word' id='word_1_117' title='bbox 942 2280 972 2342; x_wconf 92' lang='lat' dir='ltr'>ei</span> <span class='ocrx_word' id='word_1_118' title='bbox 997 2280 1148 2343; x_wconf 91' lang='lat' dir='ltr'>dandum</span> <span class='ocrx_word' id='word_1_119' title='bbox 1173 2301 1265 2343; x_wconf 91' lang='lat' dir='ltr'>cura-</span> 
     </span>
     <span class='ocr_line' id='line_1_17' title="bbox 87 2395 1265 2468; baseline 0.006 -15"><span class='ocrx_word' id='word_1_120' title='bbox 87 2402 171 2456; x_wconf 88' lang='lat' dir='ltr'>verat</span> <span class='ocrx_word' id='word_1_121' title='bbox 203 2395 311 2468; x_wconf 94' lang='lat' dir='ltr'>Livia,</span> <span class='ocrx_word' id='word_1_122' title='bbox 344 2405 380 2459; x_wconf 90' lang='lat' dir='ltr'>ut</span> <span class='ocrx_word' id='word_1_123' title='bbox 414 2397 549 2460; x_wconf 91' lang='lat' dir='ltr'>unicum</span> <span class='ocrx_word' id='word_1_124' title='bbox 582 2405 705 2460; x_wconf 91' lang='lat' dir='ltr'>testem</span> <span class='ocrx_word' id='word_1_125' title='bbox 731 2399 776 2460; x_wconf 93' lang='lat' dir='ltr'>rei</span> <span class='ocrx_word' id='word_1_126' title='bbox 801 2406 872 2460; x_wconf 93' lang='lat' dir='ltr'>tarn</span> <span class='ocrx_word' id='word_1_127' title='bbox 898 2398 1061 2462; x_wconf 89' lang='lat' dir='ltr'>molestae</span> <span class='ocrx_word' id='word_1_128' title='bbox 1086 2408 1120 2462; x_wconf 92' lang='lat' dir='ltr'>et</span> <span class='ocrx_word' id='word_1_129' title='bbox 1143 2399 1206 2462; x_wconf 92' lang='lat' dir='ltr'>sibi</span> <span class='ocrx_word' id='word_1_130' title='bbox 1231 2409 1265 2461; x_wconf 91' lang='lat' dir='ltr'>et</span> 
     </span>
     <span class='ocr_line' id='line_1_18' title="bbox 87 2513 1265 2601; baseline 0.005 -27"><span class='ocrx_word' id='word_1_131' title='bbox 87 2513 213 2578; x_wconf 86' lang='lat' dir='ltr'>Tiberio</span> <span class='ocrx_word' id='word_1_132' title='bbox 237 2535 299 2578; x_wconf 93' lang='lat' dir='ltr'>suo</span> <span class='ocrx_word' id='word_1_133' title='bbox 323 2517 366 2579; x_wconf 93' lang='lat' dir='ltr'>de</span> <span class='ocrx_word' id='word_1_134' title='bbox 390 2516 503 2577; x_wconf 90' lang='lat' dir='ltr'>medio</span> <span class='ocrx_word' id='word_1_135' title='bbox 528 2513 675 2592; x_wconf 89' lang='lat' dir='ltr'>tolleret;</span> <span class='ocrx_word' id='word_1_136' title='bbox 701 2536 811 2597; x_wconf 91' lang='lat' dir='ltr'>neque</span> <span class='ocrx_word' id='word_1_137' title='bbox 832 2517 897 2580; x_wconf 91' lang='lat' dir='ltr'>hoc</span> <span class='ocrx_word' id='word_1_138' title='bbox 917 2518 988 2580; x_wconf 89' lang='lat' dir='ltr'>sine</span> <span class='ocrx_word' id='word_1_139' title='bbox 1009 2518 1094 2581; x_wconf 91' lang='lat' dir='ltr'>iusta</span> <span class='ocrx_word' id='word_1_140' title='bbox 1114 2519 1265 2601; x_wconf 89' lang='lat' dir='ltr'>suspicor</span> 
     </span>
     <span class='ocr_line' id='line_1_19' title="bbox 87 2634 1265 2718; baseline 0.005 -24"><span class='ocrx_word' id='word_1_141' title='bbox 87 2653 192 2697; x_wconf 89' lang='lat' dir='ltr'>causa:</span> <span class='ocrx_word' id='word_1_142' title='bbox 223 2634 416 2697; x_wconf 87' lang='lat' dir='ltr'>audivimus</span> <span class='ocrx_word' id='word_1_143' title='bbox 448 2635 538 2698; x_wconf 91' lang='lat' dir='ltr'>enirn</span> <span class='ocrx_word' id='word_1_144' title='bbox 573 2636 735 2698; x_wconf 90' lang='lat' dir='ltr'>Marciam</span> <span class='ocrx_word' id='word_1_145' title='bbox 766 2636 1022 2712; x_wconf 85' lang='lat' dir='ltr'>lamentantem,</span> <span class='ocrx_word' id='word_1_146' title='bbox 1047 2637 1139 2718; x_wconf 94' lang='lat' dir='ltr'>quod</span> <span class='ocrx_word' id='word_1_147' title='bbox 1165 2657 1265 2700; x_wconf 89' lang='lat' dir='ltr'>causa</span> 
     </span>
     <span class='ocr_line' id='line_1_20' title="bbox 88 2754 1265 2839; baseline 0.003 -25"><span class='ocrx_word' id='word_1_148' title='bbox 88 2756 196 2818; x_wconf 88' lang='lat' dir='ltr'>marito</span> <span class='ocrx_word' id='word_1_149' title='bbox 217 2755 313 2818; x_wconf 89' lang='lat' dir='ltr'>exitii</span> <span class='ocrx_word' id='word_1_150' title='bbox 334 2754 459 2817; x_wconf 87' lang='lat' dir='ltr'>fuisset.</span> <span class='ocrx_word' id='word_1_151' title='bbox 486 2754 532 2816; x_wconf 92' lang='lat' dir='ltr'>Et</span> <span class='ocrx_word' id='word_1_152' title='bbox 549 2775 638 2818; x_wconf 92' lang='lat' dir='ltr'>nunc</span> <span class='ocrx_word' id='word_1_153' title='bbox 659 2755 805 2836; x_wconf 88' lang='lat' dir='ltr'>Augusti</span> <span class='ocrx_word' id='word_1_154' title='bbox 827 2756 1048 2821; x_wconf 89' lang='lat' dir='ltr'>valitudinem</span> <span class='ocrx_word' id='word_1_155' title='bbox 1068 2777 1265 2839; x_wconf 89' lang='lat' dir='ltr'>gravescere</span> 
     </span>
     <span class='ocr_line' id='line_1_21' title="bbox 87 2875 1265 2959; baseline 0.003 -24"><span class='ocrx_word' id='word_1_156' title='bbox 87 2876 246 2938; x_wconf 89' lang='lat' dir='ltr'>audimus:</span> <span class='ocrx_word' id='word_1_157' title='bbox 278 2875 361 2957; x_wconf 92' lang='lat' dir='ltr'>quid</span> <span class='ocrx_word' id='word_1_158' title='bbox 395 2875 501 2956; x_wconf 90' lang='lat' dir='ltr'>magis</span> <span class='ocrx_word' id='word_1_159' title='bbox 532 2884 583 2938; x_wconf 92' lang='lat' dir='ltr'>est</span> <span class='ocrx_word' id='word_1_160' title='bbox 615 2876 776 2939; x_wconf 86' lang='lat' dir='ltr'>credibile</span> <span class='ocrx_word' id='word_1_161' title='bbox 808 2895 909 2958; x_wconf 93' lang='lat' dir='ltr'>quarn</span> <span class='ocrx_word' id='word_1_162' title='bbox 942 2879 975 2939; x_wconf 94' lang='lat' dir='ltr'>in</span> <span class='ocrx_word' id='word_1_163' title='bbox 1008 2877 1096 2940; x_wconf 90' lang='lat' dir='ltr'>hunc</span> <span class='ocrx_word' id='word_1_164' title='bbox 1129 2898 1265 2959; x_wconf 91' lang='lat' dir='ltr'>quoque</span> 
     </span>
     <span class='ocr_line' id='line_1_22' title="bbox 85 2993 1264 3077; baseline 0.006 -24"><span class='ocrx_word' id='word_1_165' title='bbox 85 2994 182 3057; x_wconf 90' lang='lat' dir='ltr'>scelus</span> <span class='ocrx_word' id='word_1_166' title='bbox 206 2994 359 3056; x_wconf 89' lang='lat' dir='ltr'>molitam</span> <span class='ocrx_word' id='word_1_167' title='bbox 384 2993 528 3070; x_wconf 90' lang='lat' dir='ltr'>Liviam,</span> <span class='ocrx_word' id='word_1_168' title='bbox 554 3014 596 3056; x_wconf 91' lang='lat' dir='ltr'>ne</span> <span class='ocrx_word' id='word_1_169' title='bbox 620 2994 797 3077; x_wconf 89' lang='lat' dir='ltr'>perficeret</span> <span class='ocrx_word' id='word_1_170' title='bbox 821 2996 854 3057; x_wconf 95' lang='lat' dir='ltr'>id</span> <span class='ocrx_word' id='word_1_171' title='bbox 879 2998 971 3077; x_wconf 90' lang='lat' dir='ltr'>quod</span> <span class='ocrx_word' id='word_1_172' title='bbox 996 2996 1029 3058; x_wconf 93' lang='lat' dir='ltr'>in</span> <span class='ocrx_word' id='word_1_173' title='bbox 1054 2998 1167 3060; x_wconf 89' lang='lat' dir='ltr'>animo</span> <span class='ocrx_word' id='word_1_174' title='bbox 1187 3017 1264 3060; x_wconf 91' lang='lat' dir='ltr'>eurn</span> 
     </span>
     <span class='ocr_line' id='line_1_23' title="bbox 87 3112 1265 3199; baseline 0.006 -25"><span class='ocrx_word' id='word_1_175' title='bbox 87 3113 231 3177; x_wconf 82' lang='lat' dir='ltr'>habuisse</span> <span class='ocrx_word' id='word_1_176' title='bbox 262 3115 483 3196; x_wconf 90' lang='lat' dir='ltr'>comperisset</span> <span class='ocrx_word' id='word_1_177' title='bbox 513 3112 589 3176; x_wconf 93' lang='lat' dir='ltr'>illa?</span> <span class='ocrx_word' id='word_1_178' title='bbox 626 3113 697 3177; x_wconf 90' lang='lat' dir='ltr'>Iam</span> <span class='ocrx_word' id='word_1_179' title='bbox 722 3126 857 3178; x_wconf 91' lang='lat' dir='ltr'>mortuo</span> <span class='ocrx_word' id='word_1_180' title='bbox 881 3115 1038 3198; x_wconf 90' lang='lat' dir='ltr'>Augusto</span> <span class='ocrx_word' id='word_1_181' title='bbox 1062 3126 1265 3199; x_wconf 91' lang='lat' dir='ltr'>mortuoque</span> 
     </span>
     <span class='ocr_line' id='line_1_24' title="bbox 86 3231 1265 3316; baseline 0.007 -24"><span class='ocrx_word' id='word_1_182' title='bbox 86 3231 145 3306; x_wconf 93' lang='lat' dir='ltr'>illo,</span> <span class='ocrx_word' id='word_1_183' title='bbox 175 3235 231 3315; x_wconf 95' lang='lat' dir='ltr'>qui</span> <span class='ocrx_word' id='word_1_184' title='bbox 262 3232 353 3296; x_wconf 89' lang='lat' dir='ltr'>solus</span> <span class='ocrx_word' id='word_1_185' title='bbox 379 3234 475 3295; x_wconf 85' lang='lat' dir='ltr'>testis</span> <span class='ocrx_word' id='word_1_186' title='bbox 499 3232 560 3295; x_wconf 88' lang='lat' dir='ltr'>luit</span> <span class='ocrx_word' id='word_1_187' title='bbox 585 3233 756 3315; x_wconf 89' lang='lat' dir='ltr'>colloquii,</span> <span class='ocrx_word' id='word_1_188' title='bbox 782 3237 873 3316; x_wconf 93' lang='lat' dir='ltr'>quod</span> <span class='ocrx_word' id='word_1_189' title='bbox 898 3234 988 3298; x_wconf 91' lang='lat' dir='ltr'>illam</span> <span class='ocrx_word' id='word_1_190' title='bbox 1015 3255 1095 3298; x_wconf 91' lang='lat' dir='ltr'>mox</span> <span class='ocrx_word' id='word_1_191' title='bbox 1119 3236 1265 3300; x_wconf 85' lang='lat' dir='ltr'>suturam</span> 
     </span>
     <span class='ocr_line' id='line_1_25' title="bbox 88 3353 1264 3439; baseline 0.005 -25"><span class='ocrx_word' id='word_1_192' title='bbox 88 3356 290 3434; x_wconf 89' lang='lat' dir='ltr'>promitteret</span> <span class='ocrx_word' id='word_1_193' title='bbox 322 3353 643 3430; x_wconf 87' lang='lat' dir='ltr'>reconciliationem,</span> <span class='ocrx_word' id='word_1_194' title='bbox 676 3353 802 3417; x_wconf 90' lang='lat' dir='ltr'>nullum</span> <span class='ocrx_word' id='word_1_195' title='bbox 835 3356 953 3419; x_wconf 91' lang='lat' dir='ltr'>Liviae</span> <span class='ocrx_word' id='word_1_196' title='bbox 983 3356 1190 3439; x_wconf 89' lang='lat' dir='ltr'>Tiberioque</span> <span class='ocrx_word' id='word_1_197' title='bbox 1221 3357 1264 3420; x_wconf 92' lang='lat' dir='ltr'>ab</span> 
     </span>
     <span class='ocr_line' id='line_1_26' title="bbox 88 3471 1263 3558; baseline 0.004 -26"><span class='ocrx_word' id='word_1_198' title='bbox 88 3471 231 3557; x_wconf 89' lang='lat' dir='ltr'>Agrippa</span> <span class='ocrx_word' id='word_1_199' title='bbox 242 3476 307 3537; x_wconf 90' lang='lat' dir='ltr'>erit</span> <span class='ocrx_word' id='word_1_200' title='bbox 320 3474 540 3536; x_wconf 88' lang='lat' dir='ltr'>metuendum</span> <span class='ocrx_word' id='word_1_201' title='bbox 554 3472 750 3554; x_wconf 91' lang='lat' dir='ltr'>periculum,</span> <span class='ocrx_word' id='word_1_202' title='bbox 762 3482 821 3535; x_wconf 92' lang='lat' dir='ltr'>aut</span> <span class='ocrx_word' id='word_1_203' title='bbox 834 3473 1011 3549; x_wconf 87' lang='lat' dir='ltr'>aTiberi0,</span> <span class='ocrx_word' id='word_1_204' title='bbox 1025 3475 1090 3537; x_wconf 92' lang='lat' dir='ltr'>iarn</span> <span class='ocrx_word' id='word_1_205' title='bbox 1101 3476 1263 3558; x_wconf 87' lang='lat' dir='ltr'>principe,</span> 
     </span>
     <span class='ocr_line' id='line_1_27' title="bbox 90 3592 1264 3676; baseline 0.005 -25"><span class='ocrx_word' id='word_1_206' title='bbox 90 3592 168 3655; x_wconf 94' lang='lat' dir='ltr'>nullo</span> <span class='ocrx_word' id='word_1_207' title='bbox 191 3594 330 3676; x_wconf 91' lang='lat' dir='ltr'>negotio</span> <span class='ocrx_word' id='word_1_208' title='bbox 354 3592 409 3655; x_wconf 89' lang='lat' dir='ltr'>ille</span> <span class='ocrx_word' id='word_1_209' title='bbox 435 3613 571 3674; x_wconf 92' lang='lat' dir='ltr'>quoque</span> <span class='ocrx_word' id='word_1_210' title='bbox 596 3613 614 3654; x_wconf 92' lang='lat' dir='ltr'>e</span> <span class='ocrx_word' id='word_1_211' title='bbox 639 3593 793 3654; x_wconf 88' lang='lat' dir='ltr'>vivorum</span> <span class='ocrx_word' id='word_1_212' title='bbox 818 3593 944 3674; x_wconf 91' lang='lat' dir='ltr'>poterit</span> <span class='ocrx_word' id='word_1_213' title='bbox 967 3594 1070 3655; x_wconf 85' lang='lat' dir='ltr'>eximi</span> <span class='ocrx_word' id='word_1_214' title='bbox 1091 3593 1264 3672; x_wconf 86' lang='lat' dir='ltr'>numer0.’‘</span> 
     </span>
    </p>

    <p class='ocr_par' dir='ltr' id='par_1_6' title="bbox 90 3712 1265 4033">
     <span class='ocr_line' id='line_1_28' title="bbox 128 3712 1265 3794; baseline 0.002 -19"><span class='ocrx_word' id='word_1_215' title='bbox 128 3712 298 3778; x_wconf 87' lang='lat' dir='ltr'>Eiusmodi</span> <span class='ocrx_word' id='word_1_216' title='bbox 329 3713 505 3776; x_wconf 90' lang='lat' dir='ltr'>hominurn</span> <span class='ocrx_word' id='word_1_217' title='bbox 536 3732 718 3785; x_wconf 90' lang='lat' dir='ltr'>sermones,</span> <span class='ocrx_word' id='word_1_218' title='bbox 746 3713 965 3794; x_wconf 89' lang='lat' dir='ltr'>suspiciones,</span> <span class='ocrx_word' id='word_1_219' title='bbox 991 3714 1265 3778; x_wconf 90' lang='lat' dir='ltr'>ratiocinationes</span> 
     </span>
     <span class='ocr_line' id='line_1_29' title="bbox 90 3829 1265 3914; baseline 0.004 -24"><span class='ocrx_word' id='word_1_220' title='bbox 90 3849 126 3892; x_wconf 90' lang='lat' dir='ltr'>ex</span> <span class='ocrx_word' id='word_1_221' title='bbox 142 3833 211 3914; x_wconf 89' lang='lat' dir='ltr'>ipsa</span> <span class='ocrx_word' id='word_1_222' title='bbox 228 3834 298 3895; x_wconf 90' lang='lat' dir='ltr'>vita</span> <span class='ocrx_word' id='word_1_223' title='bbox 317 3841 448 3895; x_wconf 92' lang='lat' dir='ltr'>sumtae</span> <span class='ocrx_word' id='word_1_224' title='bbox 467 3831 634 3904; x_wconf 93' lang='lat' dir='ltr'>videntur,</span> <span class='ocrx_word' id='word_1_225' title='bbox 649 3839 683 3892; x_wconf 91' lang='lat' dir='ltr'>et</span> <span class='ocrx_word' id='word_1_226' title='bbox 697 3838 835 3912; x_wconf 90' lang='lat' dir='ltr'>possent</span> <span class='ocrx_word' id='word_1_227' title='bbox 848 3850 867 3892; x_wconf 91' lang='lat' dir='ltr'>e</span> <span class='ocrx_word' id='word_1_228' title='bbox 880 3829 989 3894; x_wconf 90' lang='lat' dir='ltr'>Taciti</span> <span class='ocrx_word' id='word_1_229' title='bbox 1003 3852 1139 3913; x_wconf 92' lang='lat' dir='ltr'>quoque</span> <span class='ocrx_word' id='word_1_230' title='bbox 1154 3832 1265 3896; x_wconf 92' lang='lat' dir='ltr'>verbis</span> 
     </span>
     <span class='ocr_line' id='line_1_30' title="bbox 91 3948 1265 4033; baseline 0.004 -23"><span class='ocrx_word' id='word_1_231' title='bbox 91 3948 232 4014; x_wconf 78' lang='lat' dir='ltr'>facillime</span> <span class='ocrx_word' id='word_1_232' title='bbox 252 3951 404 4033; x_wconf 87' lang='lat' dir='ltr'>intelligi,</span> <span class='ocrx_word' id='word_1_233' title='bbox 424 3951 486 4012; x_wconf 90' lang='lat' dir='ltr'>nisi</span> <span class='ocrx_word' id='word_1_234' title='bbox 504 3949 568 4011; x_wconf 90' lang='lat' dir='ltr'>tria</span> <span class='ocrx_word' id='word_1_235' title='bbox 586 3951 836 4012; x_wconf 89' lang='lat' dir='ltr'>intercederent</span> <span class='ocrx_word' id='word_1_236' title='bbox 855 3950 1029 4025; x_wconf 89' lang='lat' dir='ltr'>vocabula,</span> <span class='ocrx_word' id='word_1_237' title='bbox 1050 3972 1137 4033; x_wconf 91' lang='lat' dir='ltr'>quae</span> <span class='ocrx_word' id='word_1_238' title='bbox 1156 3961 1265 4015; x_wconf 88' lang='lat' dir='ltr'>totam</span> 
     </span>
    </p>
   </div>
   <div class='ocr_carea' id='block_1_5' title="bbox 92 4193 1264 4523">
    <p class='ocr_par' dir='ltr' id='par_1_7' title="bbox 93 4193 1263 4339">
     <span class='ocr_line' id='line_1_31' title="bbox 124 4193 1263 4262; baseline 0.003 -21"><span class='ocrx_word' id='word_1_239' title='bbox 124 4193 147 4258; x_wconf 88' lang='lat'>1)</span> <span class='ocrx_word' id='word_1_240' title='bbox 170 4196 262 4260; x_wconf 86' lang='lat' dir='ltr'>Utique</span> <span class='ocrx_word' id='word_1_241' title='bbox 289 4195 430 4245; x_wconf 86' lang='lat' dir='ltr'>tenendum</span> <span class='ocrx_word' id='word_1_242' title='bbox 455 4195 498 4244; x_wconf 88' lang='lat' dir='ltr'>hic</span> <span class='ocrx_word' id='word_1_243' title='bbox 524 4195 595 4260; x_wconf 90' lang='lat' dir='ltr'>quod</span> <span class='ocrx_word' id='word_1_244' title='bbox 612 4195 644 4244; x_wconf 90' lang='lat' dir='ltr'>de</span> <span class='ocrx_word' id='word_1_245' title='bbox 664 4196 790 4260; x_wconf 77' lang='lat' dir='ltr'>particula</span> <span class='ocrx_word' id='word_1_246' title='bbox 810 4213 846 4246; x_wconf 82' lang='lat' dir='ltr'>an</span> <span class='ocrx_word' id='word_1_247' title='bbox 865 4197 901 4246; x_wconf 91' lang='lat' dir='ltr'>sic</span> <span class='ocrx_word' id='word_1_248' title='bbox 921 4197 1007 4262; x_wconf 78' lang='lat' dir='ltr'>posits</span> <span class='ocrx_word' id='word_1_249' title='bbox 1026 4195 1218 4245; x_wconf 81' lang='lat' dir='ltr'>observavimus</span> <span class='ocrx_word' id='word_1_250' title='bbox 1238 4211 1263 4259; x_wconf 90' lang='lat' dir='ltr'>p.</span> 
     </span>
     <span class='ocr_line' id='line_1_32' title="bbox 93 4281 769 4339; baseline 0.006 -11"><span class='ocrx_word' id='word_1_251' title='bbox 93 4287 129 4339; x_wconf 80' lang='lat'>73.</span> <span class='ocrx_word' id='word_1_252' title='bbox 154 4281 181 4328; x_wconf 90' lang='lat' dir='ltr'>ln</span> <span class='ocrx_word' id='word_1_253' title='bbox 199 4282 244 4332; x_wconf 92' lang='lat' dir='ltr'>illo</span> <span class='ocrx_word' id='word_1_254' title='bbox 262 4284 332 4332; x_wconf 89' lang='lat' dir='ltr'>enim</span> <span class='ocrx_word' id='word_1_255' title='bbox 342 4283 459 4331; x_wconf 70' lang='lat' dir='ltr'>*dubium</span> <span class='ocrx_word' id='word_1_256' title='bbox 478 4299 513 4331; x_wconf 86' lang='lat' dir='ltr'>an</span> <span class='ocrx_word' id='word_1_257' title='bbox 532 4282 575 4330; x_wconf 92' lang='lat' dir='ltr'>hic</span> <span class='ocrx_word' id='word_1_258' title='bbox 595 4289 655 4331; x_wconf 90' lang='lat' dir='ltr'>sunt</span> <span class='ocrx_word' id='word_1_259' title='bbox 674 4283 769 4332; x_wconf 89' lang='lat' dir='ltr'>omnia.</span> 
     </span>
    </p>

    <p class='ocr_par' dir='ltr' id='par_1_8' title="bbox 92 4365 1264 4523">
     <span class='ocr_line' id='line_1_33' title="bbox 123 4365 1264 4435; baseline 0.001 -22"><span class='ocrx_word' id='word_1_260' title='bbox 123 4365 147 4427; x_wconf 87' lang='lat'>2)</span> <span class='ocrx_word' id='word_1_261' title='bbox 164 4367 202 4417; x_wconf 92' lang='lat' dir='ltr'>Sic</span> <span class='ocrx_word' id='word_1_262' title='bbox 221 4369 272 4420; x_wconf 84' lang='lat' dir='ltr'>iere</span> <span class='ocrx_word' id='word_1_263' title='bbox 291 4369 445 4434; x_wconf 86' lang='lat' dir='ltr'>accipienda</span> <span class='ocrx_word' id='word_1_264' title='bbox 461 4369 571 4418; x_wconf 87' lang='lat' dir='ltr'>arbitror</span> <span class='ocrx_word' id='word_1_265' title='bbox 586 4370 665 4418; x_wconf 86' lang='lat' dir='ltr'>verba</span> <span class='ocrx_word' id='word_1_266' title='bbox 681 4369 765 4418; x_wconf 83' lang='lat' dir='ltr'>electis</span> <span class='ocrx_word' id='word_1_267' title='bbox 780 4371 893 4434; x_wconf 84' lang='lat' dir='ltr'>consciis,</span> <span class='ocrx_word' id='word_1_268' title='bbox 908 4379 935 4419; x_wconf 90' lang='lat' dir='ltr'>ut</span> <span class='ocrx_word' id='word_1_269' title='bbox 952 4370 1051 4435; x_wconf 87' lang='lat' dir='ltr'>aliquid</span> <span class='ocrx_word' id='word_1_270' title='bbox 1068 4370 1136 4419; x_wconf 91' lang='lat' dir='ltr'>inter</span> <span class='ocrx_word' id='word_1_271' title='bbox 1150 4367 1264 4416; x_wconf 80' lang='lat' dir='ltr'>comitem</span> 
     </span>
     <span class='ocr_line' id='line_1_34' title="bbox 92 4454 1231 4523; baseline 0.006 -27"><span class='ocrx_word' id='word_1_272' title='bbox 92 4457 114 4497; x_wconf 86' lang='lat' dir='ltr'>et</span> <span class='ocrx_word' id='word_1_273' title='bbox 130 4456 228 4504; x_wconf 81' lang='lat' dir='ltr'>conscios</span> <span class='ocrx_word' id='word_1_274' title='bbox 245 4457 356 4506; x_wconf 84' lang='lat' dir='ltr'>intersit.</span> <span class='ocrx_word' id='word_1_275' title='bbox 384 4455 443 4504; x_wconf 83' lang='lat' dir='ltr'>Hoc</span> <span class='ocrx_word' id='word_1_276' title='bbox 462 4463 559 4505; x_wconf 85' lang='lat' dir='ltr'>certum</span> <span class='ocrx_word' id='word_1_277' title='bbox 578 4471 704 4503; x_wconf 81' lang='lat' dir='ltr'>srrrnmam</span> <span class='ocrx_word' id='word_1_278' title='bbox 722 4456 814 4504; x_wconf 79' lang='lat' dir='ltr'>secreti</span> <span class='ocrx_word' id='word_1_279' title='bbox 830 4471 921 4505; x_wconf 84' lang='lat' dir='ltr'>curam</span> <span class='ocrx_word' id='word_1_280' title='bbox 940 4473 955 4506; x_wconf 82' lang='lat' dir='ltr'>a</span> <span class='ocrx_word' id='word_1_281' title='bbox 974 4456 1066 4505; x_wconf 86' lang='lat' dir='ltr'>Tacito</span> <span class='ocrx_word' id='word_1_282' title='bbox 1084 4454 1231 4523; x_wconf 81' lang='lat' dir='ltr'>significari.</span> 
     </span>
    </p>
   </div>
   <div class='ocr_carea' id='block_1_6' title="bbox 0 0 1619 5236">
    <p class='ocr_par' dir='ltr' id='par_1_9' title="bbox 0 0 1619 5236">
     <span class='ocr_line' id='line_1_35' title="bbox 0 0 1619 5236; baseline 0 0"><span class='ocrx_word' id='word_1_283' title='bbox 0 0 1619 5236; x_wconf 95' lang='lat' dir='ltr'> </span> 
     </span>
    </p>
   </div>
  </div>
 </body>
</html>
