3228 5236
636 458 694 523 191

74 627 198 695 stratur,
230 621 292 682 sed
324 639 437 682 senno
461 619 631 692 Taciteus,
655 629 759 700 atque
779 620 870 681 adeo
895 619 1045 692 latium,
1070 620 1253 682 absurdum

74 740 103 801 in
125 741 266 802 modum
289 741 529 822 corrumpitur.

111 859 227 941 Atque
248 861 414 922 admonet
434 879 489 921 me
505 859 560 921 bic
572 859 667 921 locus
677 858 822 920 duomm
835 859 870 920 in
884 857 1051 930 Historiis,
1064 858 1122 920 ubi
1135 859 1255 920 eadem

73 999 133 1040 vox
152 980 329 1061 pueriliter
348 980 383 1042 in
402 987 538 1040 textum
554 979 681 1040 inserta
692 977 853 1040 Taciteae
865 978 1028 1039 orationis
1039 977 1256 1060 splendorem

73 1101 273 1180 pessumdat.
305 1097 407 1161 Alter
437 1107 490 1160 est
521 1097 547 1172 1,
579 1113 632 1158 22.
664 1095 789 1178 Agitur
811 1097 855 1158 de
878 1095 1025 1160 Othonis
1048 1097 1178 1160 libertis
1201 1119 1261 1180 pa·

72 1225 201 1280 tronum
226 1238 324 1282 suum
348 1219 392 1280 ad
417 1216 550 1279 fortiter
571 1217 743 1298 agendum
767 1215 1004 1277 incitantibus:

114 1336 243 1414 ,aulam
269 1336 417 1398 Neronis
440 1343 475 1398 et
498 1335 607 1409 luxus,
631 1333 798 1397 adulteria
821 1335 1037 1396 matrimonia
1060 1342 1258 1416 ceterasque

73 1475 247 1536 regnorum
265 1454 425 1518 libidines
441 1455 545 1516 avido
561 1453 692 1532 talium,
709 1453 737 1514 si
749 1453 901 1526 auderet,
914 1462 951 1515 ut
962 1472 1023 1515 sua
1034 1461 1258 1528 ostentantes,

72 1575 253 1654 quiescenti
278 1582 316 1636 ut
338 1573 450 1636 aliena
472 1571 782 1655 exprobarabant.”

112 1691 194 1774 Quis
213 1693 307 1775 apud
327 1692 486 1755 Tacitum
505 1693 605 1754 istam
625 1691 691 1753 lert
709 1691 874 1752 sermonis
893 1691 1095 1766 ubertatem,
1108 1713 1175 1774 qua
1187 1693 1259 1756 sine

74 1811 135 1874 ullo
157 1811 351 1874 sententiae
374 1811 608 1874 emolumento
631 1811 753 1872 eadem
776 1829 829 1872 res
853 1810 941 1872 binis
960 1811 1135 1874 vocabulis
1154 1813 1263 1892 (adul-

74 1933 163 2006 teria,
186 1931 418 2012 matrimonia)
442 1928 671 2012 significetur?
695 1929 772 1992 Hoc
795 1929 894 1992 aulici
915 1930 970 1992 isti
989 1929 1126 1994 volunt:
1151 1933 1196 2010 ,si
1215 1933 1260 1994 ad

75 2049 247 2133 imperium
284 2050 434 2124 veneriS,
475 2049 758 2113 nobilissimarum
793 2047 989 2123 mulierum,
1024 2069 1263 2132 quamcunque

76 2168 172 2244 voles,
197 2189 340 2232 uxorem
366 2167 491 2231 habere
516 2167 678 2250 poteris.”

117 2287 226 2350 Minus
251 2288 354 2350 etiam
379 2286 555 2349 serendum
579 2287 672 2367 quod
697 2286 805 2348 altero
827 2286 904 2349 loco
927 2285 1050 2368 legitur
1072 2288 1134 2364 IV,
1161 2303 1218 2370 55:

116 2404 277 2470 Sabinum
308 2426 411 2488 super
442 2405 576 2468 insitam
609 2406 796 2468 vanitatem
820 2403 922 2468 salsae
946 2407 1059 2488 stirpis
1082 2407 1188 2489 gloria
1211 2409 1260 2473 in·

77 2525 249 2600 cendebat,
285 2526 461 2607 proaviam
496 2544 592 2587 suam
626 2523 708 2586 divo
743 2524 829 2587 lulio
864 2545 925 2606 per
959 2524 1085 2588 Gallias
1119 2527 1260 2592 bellanti

78 2663 210 2727 corpore
234 2653 339 2725 atque
363 2643 532 2706 adulterio
556 2642 754 2726 placuisse.”

116 2763 315 2827 Admodum
347 2762 554 2826 delectatum
586 2783 659 2825 esse
689 2762 846 2826 Tacitum
871 2761 1011 2827 flosculo
1034 2765 1101 2828 isto
1124 2779 1260 2851 corpore

78 2883 235 2962 placuisse
265 2883 398 2965 opinor,
430 2883 490 2944 sed
521 2881 682 2964 spoliavit
705 2903 782 2946 eum
806 2885 943 2966 egregio
967 2894 1178 2961 ornamento,
1202 2887 1261 2968 qui

80 3004 199 3084 primus
235 3001 398 3065 insulsam
433 3003 691 3066 annotationem
728 3013 826 3083 atque
859 3002 1024 3066 adulterio
1060 3004 1094 3066 in
1125 3012 1258 3068 textum

79 3123 209 3204 recepit.

117 3240 159 3304 A.
183 3241 280 3317 XVI,
306 3257 335 3304 2.
361 3241 414 3303 De
437 3240 597 3304 thesauro
616 3261 637 3303 a
655 3260 691 3303 se
710 3240 850 3304 invento
870 3239 973 3304 homo
993 3241 1132 3322 quidam
1152 3264 1258 3308 vanus

80 3359 242 3424 Neronem
268 3362 408 3424 edocet:

121 3479 244 3563 ,Igitur
275 3480 377 3554 Nero,
413 3500 481 3543 non
511 3480 669 3554 auctoris,
701 3498 768 3542 non
800 3479 904 3561 ipsius
932 3480 1059 3561 negotii
1087 3481 1154 3545 fide
1178 3485 1259 3547 satis

77 3607 231 3680 spectata,
265 3618 327 3661 nec
352 3598 471 3673 missis,
494 3619 554 3681 per
578 3617 664 3680 quos
688 3606 853 3673 nosceret,
877 3617 920 3661 an
944 3619 1024 3663 vera
1047 3599 1257 3680 afferrentur,

79 3726 172 3799 auget
196 3719 284 3781 ultro
307 3707 510 3780 rumorem.'’

118 3833 182 3898 Hic
213 3835 430 3917 magistellus,
462 3844 499 3898 ut
529 3843 731 3899 structuram
763 3834 873 3898 missis
896 3848 962 3919 per
984 3858 1064 3919 quos
1087 3841 1259 3925 discipulis

80 3953 265 4034 explicaret,
287 3953 471 4016 absurdum
491 3961 525 4017 et
545 3973 565 4016 a
584 3973 620 4016 se
641 3953 817 4017 inventum
832 3954 1082 4021 substantivum
1094 3961 1259 4026 ausoribus

80 4069 109 4132 in
131 4072 280 4154 margine
303 4072 493 4154 adscripsit,
517 4073 609 4154 quod
635 4080 754 4155 postea
778 4072 812 4134 in
837 4080 969 4139 textum
994 4085 1169 4160 receptum
1193 4101 1261 4144 ser·

81 4189 182 4252 monis
215 4190 371 4255 barbarie
405 4190 508 4254 etiam
544 4192 658 4274 prodit
692 4189 844 4254 sciolum.
881 4190 1011 4274 Quodsi
1047 4217 1136 4260 nunc
1166 4200 1258 4281 apud

82 4308 228 4372 Tacitum
258 4309 427 4392 legeretur
460 4310 588 4390 „missis
611 4309 877 4393 exploratoribus
899 4313 956 4394 qui
981 4315 1181 4380 noscerent”
1205 4317 1258 4380 vel

81 4427 235 4490 eiusmodi
265 4428 404 4510 aliquid,
437 4449 505 4493 non
537 4430 694 4492 deessent
726 4429 788 4491 viri
812 4428 915 4504 docti,
940 4435 998 4513 qui
1022 4435 1123 4498 auxie
1146 4435 1260 4500 obsta·
