3228 5236
684 464 741 533 ι75

113 633 300 715 respondet
324 631 499 694 Eteocles:

201 751 257 814 οὐκ
280 747 519 826 ἀπαιτούμεσθ’,
545 749 606 826 ἐγὼ
631 747 694 827 γὰρ
718 748 770 812 τὸν
794 749 868 824 ἐμὸν
892 749 1002 820 οἰκήσω
1027 747 1118 826 δόμον

112 872 133 932 i.
157 893 186 934 e.
222 872 331 950 „istud
364 871 507 934 verbum
537 869 741 933 ἀπαιτεῖσθαι
774 871 806 932 in
840 891 894 933 me
919 892 988 934 non
1011 872 1181 947 convenit,
1206 891 1226 934 a
1250 892 1304 934 me

112 1009 214 1052 nemo
247 990 433 1072 quidquam
458 1001 625 1072 reposcere
649 989 669 1050 i.
694 1009 723 1052 e.
746 1010 804 1052 suo
828 990 902 1053 iure
918 1001 1054 1072 poscere
1076 999 1200 1072 potest,
1225 1012 1304 1054 nam

111 1130 187 1172 mea
219 1109 304 1172 haec
336 1111 458 1172 domus
488 1108 572 1171 est.'’
605 1109 650 1171 Et
682 1106 827 1171 voluisse
855 1109 888 1170 id
913 1109 1098 1186 Tiberium,
1122 1111 1214 1192 quod
1239 1131 1303 1194 ego

109 1228 279 1302 dicebam,
304 1229 400 1290 testis
424 1226 615 1301 Suetonius,
640 1228 697 1308 qui
722 1227 768 1290 sic
793 1228 954 1310 principis
977 1229 1082 1292 verba
1106 1229 1225 1293 refert:
1257 1231 1302 1311 ,si

108 1370 176 1412 uon
210 1349 406 1423 dominaris,
437 1348 549 1424 filiola,
580 1348 734 1411 iniuriam
765 1333 801 1411 te
828 1349 982 1430 accipere
1006 1349 1220 1414 existimasi”
1246 1352 1302 1414 ubi

107 1471 296 1534 rectissime
327 1469 557 1551 interrogandi
587 1469 721 1551 signum
754 1471 867 1551 posuit
899 1470 1060 1533 Rothius:
1094 1471 1183 1534 istud
1211 1473 1301 1536 enim

106 1591 172 1652 nisi
192 1590 341 1664 additur,
360 1609 460 1652 sensu
480 1607 594 1651 cassus
613 1588 707 1651 locus
728 1596 789 1651 est.
811 1588 909 1652 Nunc
929 1589 1084 1652 Tiberius
1105 1599 1203 1672 rogat
1223 1612 1301 1666 non,

105 1712 201 1790 quod
234 1711 401 1792 quosdam
432 1709 564 1790 opinari
595 1709 713 1771 video:
749 1707 968 1788 ,iniuriamne
991 1729 1094 1772 vocas
1117 1712 1210 1792 quod
1235 1731 1303 1775 non

105 1849 221 1892 rerum
252 1828 306 1892 hic
329 1828 468 1891 domina
492 1827 549 1890 es'’
573 1829 675 1910 (nam,
699 1826 830 1890 etiamsi
855 1827 959 1891 verba
982 1847 1057 1890 eam
1081 1829 1303 1894 admitterent

104 1948 438 2030 interpretationem,
470 1947 563 2028 quod
596 1966 694 2027 nege,
725 1946 768 2008 ad
801 1946 1028 2030 Agrippinam
1059 1948 1302 2012 confutandam

104 2069 249 2130 minime
272 2076 353 2149 apta
377 2067 433 2129 illa
456 2065 557 2146 esset)
580 2065 658 2127 sed:
684 2067 760 2146 „qui
781 2073 879 2147 potes
899 2074 945 2139 tu,
967 2086 1054 2147 quae
1075 2087 1143 2129 non
1163 2069 1302 2133 domina

102 2208 154 2262 es,
186 2188 247 2250 sed
278 2187 361 2250 civis
392 2185 502 2248 alieno
534 2184 686 2247 subiecta
717 2185 870 2265 imperio,
896 2185 1050 2249 iniuriam
1082 2194 1115 2248 te
1147 2188 1302 2270 accipere

102 2306 212 2370 uliam
247 2314 366 2388 putare
377 2304 409 2366 ?”
446 2304 595 2369 Graecus
627 2304 820 2378 versiculus,
852 2325 920 2386 quo
953 2325 1030 2368 usus
1059 2315 1111 2370 est
1133 2308 1299 2384 Tiberius,

102 2425 218 2507 periit,
243 2426 303 2488 sed
328 2423 391 2487 suit
414 2424 665 2487 huiuscemodi:

364 2543 389 2606 ai
415 2543 458 2618 μὴ
482 2550 650 2622 τυραννεῖς,
674 2540 798 2606 ἀδικίαν
822 2542 927 2620 λέγεις
951 2541 1042 2620 τν’να;

149 2783 196 2846 Α.
229 2783 290 2858 IV,
324 2785 375 2864 58.
406 2782 644 2846 Proficiscente
676 2784 709 2844 in
742 2781 962 2864 Campaniam
994 2782 1142 2859 Tiberio,
1172 2786 1300 2849 mathe-

100 2903 221 2966 matici
257 2923 430 2984 nunquam
462 2922 540 2964 eum
571 2902 755 2964 rediturum
788 2902 1069 2966 vaticinabantur.
1103 2905 1186 2969 Inde
1218 2926 1299 2969 mox

99 3022 306 3085 moriturum
330 3041 407 3085 eum
428 3022 566 3103 quidam
586 3021 667 3083 artis
687 3021 834 3101 imperiti
855 3022 1040 3086 credebant
1061 3033 1095 3086 et
1115 3027 1299 3090 contende·

99 3143 190 3205 bant
207 3142 321 3216 etiam,
339 3161 427 3222 quae
442 3160 494 3202 res
507 3140 588 3222 ipsis
601 3138 662 3201 fuit
676 3139 791 3202 exitio.
806 3139 871 3202 Hic
885 3140 1080 3206 facultatem
1095 3145 1299 3209 nanciscitur

98 3264 146 3324 de
171 3260 381 3323 divinatione
407 3259 602 3342 disputandi
622 3258 776 3334 Tacitus;
798 3279 884 3341 quae
906 3269 1020 3324 autem
1041 3264 1123 3326 dicit
1143 3265 1208 3328 huc
1229 3265 1298 3332 fere

96 3381 249 3444 redeunt
269 3387 304 3442 ut
321 3380 460 3442 omnino
473 3379 536 3441 arti
549 3378 595 3441 illi
609 3399 644 3440 se
657 3377 760 3441 fidem
773 3377 898 3443 habere
912 3381 1075 3458 declaret;
1091 3386 1296 3465 portendere

96 3501 195 3564 enim
219 3500 387 3582 quaedam
412 3500 495 3562 deos
517 3498 619 3560 certis
642 3498 845 3573 hominibus,
870 3499 1065 3563 caelestium
1085 3502 1295 3586 aliorumque

94 3622 275 3702 signorum
308 3620 441 3702 peritis;
469 3620 529 3682 sed
554 3619 597 3680 de
621 3639 682 3681 suo
706 3619 865 3700 affingere
890 3618 995 3681 multa
1019 3621 1139 3702 vulgus
1164 3624 1297 3704 imperi·

93 3750 215 3804 torum
240 3740 345 3802 etsie
369 3748 479 3802 totam
502 3746 611 3801 artem
633 3743 826 3819 suspectam
850 3736 992 3799 reddere
1017 3737 1196 3820 plerisque.
1221 3740 1293 3803 Iam

94 3861 176 3942 ipsa
199 3858 309 3922 Taciti
334 3859 377 3921 de
402 3859 571 3940 praesenti
597 3857 735 3948 negotio
759 3854 863 3918 verba
890 3856 1159 3921 consideremus:

148 3978 254 4059 „Mox
278 3979 388 4060 patuit
413 3977 516 4040 breve
540 3976 723 4040 confinium
748 3975 828 4036 artis
852 3983 886 4036 et
910 3973 994 4050 salsi,
1019 3997 1166 4059 veraque
1190 3999 1293 4062 quam

92 4099 254 4164 obscuris
284 4105 489 4179 tegerentur.
523 4096 611 4159 Nam
644 4096 678 4157 in
708 4094 827 4156 urbem
860 4115 927 4157 non
953 4116 1178 4178 regressurum
1203 4100 1292 4163 haud

91 4219 187 4282 sorte
219 4218 363 4280 dictum:
396 4226 586 4280 ceterorum
619 4215 721 4278 nescii
753 4235 862 4296 egere,
895 4235 971 4278 cum
1002 4219 1194 4300 propinquo
1218 4241 1293 4283 rure

89 4347 157 4402 aut
176 4337 276 4399 litore
296 4345 330 4399 et
349 4357 453 4418 saepe
473 4336 606 4398 moenia
628 4334 718 4397 urbis
738 4334 897 4397 adsidens
913 4343 1100 4400 extremam
1120 4348 1292 4402 senectam

90 4454 355 4540 compleverit.”
423 4500 427 4514 .
