3228 5236
886 460 950 525 230

322 625 395 688 aliis
431 625 578 688 metallis
613 626 673 688 sed
712 645 832 707 purum
868 633 988 707 putum
1018 645 1036 688 e
1067 633 1157 688 terra
1188 624 1366 707 provenire
1396 643 1520 687 aurum

323 747 579 811 declamabant:

371 885 546 948 ¹‚quaeque
587 865 653 929 alia
694 886 826 929 summa
865 866 1021 930 facundia
1057 886 1120 928 nec
1157 865 1287 928 minore
1321 864 1521 928 adulatione

324 987 508 1070 fingebant,
534 987 641 1050 securi
668 989 711 1051 de
736 986 898 1050 facilitate
921 985 1123 1050 credentis.''

370 1107 434 1170 Hic
455 1127 491 1170 se
513 1106 721 1188 magistellus
742 1107 917 1169 continere
938 1125 1005 1168 non
1027 1105 1139 1187 potuit
1151 1105 1232 1186 quin
1246 1104 1521 1186 indignationem

324 1245 419 1288 suam
449 1226 483 1288 in
508 1227 659 1308 margine
683 1226 881 1288 annotando
909 1223 1082 1306 „servilia”
1106 1223 1321 1306 significaret.
1358 1223 1404 1286 Et
1427 1244 1522 1287 nunc

324 1346 358 1408 in
387 1354 484 1408 textu
508 1345 648 1427 legitur:
676 1365 850 1426 „quaeque
875 1345 940 1407 alia
963 1363 1094 1407 summa
1118 1344 1275 1407 facundia
1299 1363 1362 1407 nec
1387 1344 1521 1407 minore

325 1463 521 1527 adulatione
563 1463 698 1527 servilia
733 1462 947 1545 lingebant'’!
996 1462 1064 1527 Sed
1099 1463 1305 1544 quicumque
1340 1462 1521 1526 Taciteam

324 1585 514 1647 orationem
548 1583 655 1666 probe
687 1591 804 1647 notam
836 1582 940 1646 habet
971 1591 1142 1664 amatque,
1175 1601 1219 1644 ex
1247 1580 1432 1664 exemplari
1455 1601 1522 1644 suo

325 1704 556 1787 importunum
580 1702 669 1765 istud
693 1701 833 1765 servilia
856 1701 983 1764 eradet.

371 1823 415 1886 A.
440 1822 536 1898 XVI,
560 1822 592 1885 6.
618 1822 671 1884 De
696 1821 812 1884 sunere
836 1822 1017 1904 Poppaeae
1041 1829 1076 1884 et
1099 1819 1165 1883 alia
1189 1828 1224 1882 et
1248 1819 1332 1882 haec
1356 1818 1520 1900 legimus:

375 1942 525 2024 „Corpus
556 1961 624 2005 non
649 1941 717 2023 igni
742 1940 919 2016 abolitum,
944 1948 981 2003 ut
1006 1940 1180 2004 Romanus
1205 1957 1288 2013 mos,
1314 1938 1373 2001 sed
1399 1958 1521 2020 regum

326 2070 544 2124 externorum
568 2061 813 2124 consuetudine
838 2059 1008 2122 differtum
1032 2058 1195 2122 odoribus
1219 2058 1386 2133 conditur,
1407 2065 1523 2121 tumu-

327 2181 428 2262 loque
453 2180 613 2242 luliorum
637 2177 810 2242 infertur.'’

375 2300 440 2363 Hic
475 2298 638 2382 Agricola
673 2319 734 2382 pro
768 2299 938 2362 Romanus
973 2297 1055 2379 legit
1089 2295 1262 2371 Romami,
1298 2296 1390 2377 quod
1425 2303 1522 2358 certe

329 2419 478 2483 colorem
503 2420 609 2500 magis
635 2418 794 2480 Latinum
818 2417 992 2500 magisque
1016 2415 1193 2479 Taciteum
1215 2415 1330 2478 habet.
1356 2413 1423 2480 Sed
1443 2415 1523 2496 quis

328 2541 446 2602 credat
481 2538 653 2600 hominem
688 2536 880 2599 Romanum
911 2535 1110 2618 aequalibus
1142 2535 1346 2598 scribentem
1378 2533 1523 2597 omnino

328 2658 492 2722 adiecisse
516 2656 643 2737 aliquid
667 2655 767 2738 quale
791 2664 843 2718 est
867 2656 956 2718 istud
981 2667 1019 2719 ut
1039 2654 1199 2718 Romanis
1219 2651 1308 2718 mos?
1332 2653 1417 2717 Cum
1438 2673 1524 2716 vero

264 2800 266 2805 ·
330 2777 493 2840 traditum
518 2783 630 2838 exstet
653 2776 831 2850 Romanus,
856 2775 970 2838 statim
997 2773 1220 2857 magistellum
1241 2773 1465 2855 agnoscimus,
1489 2782 1526 2836 et

329 2918 406 2961 eum
431 2897 569 2979 quidem
595 2894 831 2978 magistellum‚
856 2895 949 2958 cuius
974 2913 1093 2976 parum
1113 2901 1271 2958 accurata
1290 2893 1333 2955 sit
1355 2891 1525 2956 doctrina.

264 3083 276 3090 ,
330 3016 409 3080 Non
440 3017 530 3079 enim
562 3023 715 3078 vetustus
747 3022 798 3077 est
830 3014 921 3096 apud
950 3013 1125 3076 Romanos
1150 3031 1223 3076 mos
1245 3031 1427 3094 corporum
1451 3031 1526 3075 cre·

330 3134 542 3197 mandorum.
800 3199 804 3208 ⁸

375 3252 419 3315 A.
445 3251 541 3326 XVI,
572 3267 620 3314 10.
648 3251 686 3313 L.
714 3251 824 3315 Vetus
849 3251 881 3314 in
903 3251 1087 3314 Formiano
1099 3271 1160 3314 suo
1173 3249 1524 3325 custodia,aNerone

331 3371 480 3435 immissa
502 3370 748 3433 circumdatur:

379 3490 515 3570 „aderat
538 3488 615 3563 filia,
640 3509 741 3571 super
765 3489 923 3572 ingruens
943 3488 1129 3572 periculum
1149 3487 1252 3570 longo
1272 3488 1390 3552 dolore
1410 3497 1523 3564 atrox,

331 3631 375 3673 ex
407 3630 475 3692 quo
507 3629 725 3692 percussores
750 3609 870 3685 Plauti,
894 3611 1005 3674 mariti
1029 3611 1079 3673 sui
1103 3611 1251 3685 viderat;
1277 3617 1525 3692 cruentamque

331 3731 499 3792 cervicem
520 3729 591 3791 eius
612 3728 774 3811 amplexa
787 3730 945 3793 servabat
956 3732 1149 3814 sanguinem
1162 3742 1194 3794 et
1203 3740 1307 3793 vestes
1319 3729 1527 3812 respersas.”

376 3848 431 3913 Sic
457 3849 566 3913 estin
591 3849 709 3912 codice
734 3850 839 3912 etsie
863 3849 1063 3932 plerumque
1088 3850 1283 3912 etiamnunc
1307 3848 1429 3912 editur.
1455 3846 1526 3913 Sed

332 3969 530 4032 iamdudum
560 3970 643 4050 quid
667 3969 778 4033 Taciti
803 3969 884 4050 quid
908 3969 1160 4051 interpolatoris
1183 3970 1226 4033 sit
1250 3977 1394 4032 constat.
1431 3969 1526 4033 lllius

332 4089 423 4151 enim
465 4107 604 4150 manum
640 4089 791 4151 restituit
825 4088 986 4152 Heinsius
1020 4088 1184 4170 legendo:
1225 4089 1387 4171 sanguine
1420 4101 1526 4152 vestes

331 4219 513 4290 respersas.

376 4325 421 4388 A.
454 4323 550 4396 XVI,
581 4340 629 4406 17.
654 4324 785 4388 Lucani
809 4335 917 4407 pater,
942 4326 1106 4390 Annaeus
1132 4326 1232 4401 Mela,
1257 4326 1308 4388 vir
1331 4327 1521 4408 praedives,

332 4451 507 4528 tamquam
533 4443 686 4510 conscius
710 4443 951 4508 coniurationis
975 4453 1168 4509 accusatur:
