3266 5238
871 425 930 486 108

304 598 493 681 significare
525 599 713 663 videantur.
747 601 835 664 Nam
862 601 993 684 legatus
1015 600 1159 685 legionis
1182 602 1209 664 si
1233 602 1306 684 ipse
1329 604 1500 666 centurio-

305 728 404 782 natus
436 720 505 794 dat,
539 728 654 802 potest
677 721 722 783 ob
747 741 822 784 eam
846 742 918 784 rem
943 722 1122 804 pecuniam
1145 723 1301 804 accipere
1323 723 1367 786 ab
1390 724 1500 787 hono·

305 858 376 901 rem
408 837 502 901 illum
535 839 748 921 petentibus;
780 849 816 903 at
839 860 916 904 cum
941 860 1019 903 suos
1042 839 1106 904 sibi
1130 841 1345 904 centuriones
1369 841 1501 923 eligunt

305 957 439 1032 milites,
471 977 609 1021 omnem
642 960 829 1041 praedandi
861 960 1057 1024 facultatem
1088 960 1220 1042 legatus
1251 961 1373 1023 amisit.
1405 960 1500 1043 Ergo

305 1077 339 1140 in
357 1077 523 1159 praedam
546 1078 694 1143 vertebat
716 1079 764 1141 sic
788 1087 840 1142 est
858 1080 1097 1161 accipiendum
1117 1088 1153 1145 ut
1175 1079 1347 1142 Antonius
1366 1079 1500 1143 dicatur

305 1216 367 1278 pro
399 1196 540 1260 consilio
571 1196 639 1272 illo,
672 1217 741 1279 quo
764 1199 875 1261 omnis
898 1197 1076 1282 disciplina
1100 1199 1389 1282 corrumpebatur,
1414 1219 1497 1261 mox

304 1316 396 1378 aliud
428 1316 666 1392 introduxisse,
698 1319 790 1399 quod
822 1317 1011 1381 cuiusmodi
1038 1317 1138 1380 luerit
1161 1317 1324 1381 hactenus
1347 1327 1497 1382 tantum·

305 1435 409 1498 modo
441 1436 556 1518 prodit
591 1435 730 1500 Tacitus
762 1445 798 1500 ut
831 1438 923 1500 dicat
958 1437 1147 1519 praedandi
1181 1436 1263 1500 illud
1298 1437 1496 1500 facultatem

305 1553 459 1616 Antonio
483 1535 698 1637 praebuisses

351 1671 455 1737 Paulo
488 1682 566 1756 post
597 1674 637 1756 (c.
665 1675 717 1757 58)
748 1675 839 1739 idem
871 1677 1023 1740 vertendi
1053 1676 1194 1739 verbum
1220 1677 1500 1758 explanationem

308 1795 480 1874 quandam
510 1795 681 1876 requirere
705 1795 848 1859 videtur.
874 1796 995 1859 Victus
1020 1797 1086 1858 iam
1110 1804 1146 1858 et
1169 1793 1366 1879 profligatus
1391 1793 1502 1858 Vitel-

306 1912 370 1975 lius
393 1922 548 1977 senatum
572 1923 758 1978 convocat:

272 2079 273 2082 κ
354 2031 554 2112 ,Servorum
576 2054 752 2098 numerum
772 2044 808 2098 et
827 2035 962 2117 pondus
980 2035 1111 2117 argenti
1131 2033 1344 2097 senatoribus
1364 2033 1501 2109 indicit;

306 2152 438 2232 equites
458 2154 604 2217 Romani
626 2155 779 2219 obtulere
799 2176 938 2238 operam
958 2155 1196 2238 pecuniasque,
1215 2153 1318 2217 etiam
1331 2153 1501 2217 libertinis

307 2271 398 2333 idem
428 2292 549 2336 munus
578 2274 667 2337 ultro
696 2274 936 2357 flagitantibus.
967 2276 1017 2338 Ea
1041 2274 1211 2338 simulatio
1234 2274 1335 2338 officii
1358 2294 1378 2336 a
1402 2282 1498 2336 metu

308 2391 460 2474 prosecta
483 2406 629 2459 verterat
651 2395 685 2458 in
700 2397 879 2478 favorem,
901 2415 940 2458 ac
961 2395 1113 2477 plerique
1126 2394 1217 2457 haud
1230 2394 1373 2477 proinde
1386 2393 1498 2457 Vitel-

306 2512 388 2575 lium
413 2534 515 2596 quam
540 2535 654 2579 casum
678 2514 859 2596 locumque
884 2515 1093 2599 principatus
1117 2513 1395 2579 miserabantur'’.

351 2635 429 2697 Hoc
461 2644 574 2698 narrat
604 2635 760 2698 Tacitus:
790 2635 964 2717 „homines
988 2635 1140 2718 opulenti
1165 2635 1312 2698 officium
1335 2633 1501 2698 simulare

306 2762 490 2835 coeperant
509 2763 601 2817 metu
616 2753 875 2817 Vitellianorum
890 2754 1033 2817 militum
1046 2762 1081 2816 et
1092 2754 1270 2817 clamantis
1283 2753 1499 2836 plebeculae;

305 2882 341 2936 at
372 2895 416 2936 ex
438 2895 479 2938 ea
501 2875 715 2938 simulatione
740 2875 995 2957 quodammodo
1019 2874 1115 2937 favor
1138 2874 1275 2955 quidam
1301 2880 1373 2936 erat
1397 2880 1500 2934 natus

262 2967 270 2974 ’
305 2992 459 3076 (sortasse
483 2995 572 3076 quia,
598 3014 675 3057 cum
698 2995 801 3057 animi
822 2993 926 3056 semel
946 3002 1024 3057 sunt
1044 2993 1218 3068 commoti,
1238 2991 1393 3055 homines
1412 2991 1497 3073 quid

306 3133 423 3176 revera
454 3113 602 3176 sentiant
634 3134 702 3176 non
734 3122 910 3196 quaerunt,
943 3111 1083 3176 sortasse
1112 3112 1215 3175 etiam
1239 3112 1318 3192 quia
1342 3111 1375 3173 in
1399 3118 1500 3173 tanta

306 3231 553 3294 clamitantium
586 3233 801 3296 multitudine
833 3233 929 3296 lacile
953 3233 996 3296 ad
1021 3232 1159 3314 quosvis
1182 3231 1323 3294 allectus
1347 3228 1500 3311 compel-

306 3351 420 3414 luntur
451 3352 615 3416 homines.
648 3352 743 3416 Haec
775 3361 866 3416 certe
898 3351 1022 3415 favoris
1053 3371 1153 3414 causa
1180 3350 1367 3413 accedebat
1390 3349 1498 3430 quod)

307 3471 458 3555 plerique
501 3472 591 3536 haud
634 3474 776 3556 proinde
812 3471 989 3536 Vitellium
1027 3491 1128 3553 quam
1165 3489 1279 3533 casum
1315 3468 1498 3548 locumque

306 3591 515 3673 principatus
539 3591 817 3655 miserabantur’'.

352 3711 395 3774 H.
421 3711 482 3787 IV,
509 3728 559 3793 54.
592 3713 672 3774 Post
704 3719 848 3774 mortem
874 3709 1003 3774 Vitellii
1030 3718 1065 3772 et
1088 3709 1179 3791 apud
1205 3705 1393 3770 Germanos
1416 3704 1499 3768 belli

305 3830 406 3893 ardor
437 3840 579 3913 augetur
610 3839 645 3893 et
676 3829 763 3894 Galli
794 3831 925 3892 animos
949 3828 1082 3892 tollunt.
1108 3828 1293 3908 Utriusque
1317 3827 1364 3889 rei
1388 3825 1501 3888 causis

306 3951 447 4012 narratis
470 3950 554 4012 haec
577 3951 675 4013 addit
699 3949 853 4012 Tacitus:

354 4070 623 4149 ,incesseratque
654 4068 753 4143 fama,
786 4069 950 4150 primores
983 4067 1167 4132 Galliarum
1199 4065 1243 4129 ab
1275 4062 1412 4127 Othone
1436 4063 1501 4124 ad·
1563 4146 1573 4158 ι

305 4209 421 4252 versus
445 4186 621 4250 Vitellium
654 4189 782 4262 missos,
815 4197 998 4270 antequam
1024 4186 1291 4268 digrederentur,
1316 4181 1501 4266 pepigisse,

306 4328 348 4370 ne
367 4309 526 4370 deessent
545 4305 704 4382 libertati,
724 4309 751 4371 si
773 4308 937 4390 populum
959 4308 1152 4371 Romanum
1173 4305 1335 4367 continua
1347 4301 1502 4365 civilium

305 4425 470 4488 bellorum
494 4427 596 4489 series
620 4435 655 4490 et
678 4428 810 4491 interna
835 4429 923 4492 mala
946 4425 1155 4510 fregissent’'.
