3266 5238
698 437 740 517 ⁶7

122 616 295 679 commisit
324 636 482 690 errorem,
515 635 617 697 quem
649 615 788 679 Tacitus
819 617 931 679 verbis
962 617 1135 680 mollitiam
1167 617 1316 700 carparis

123 735 258 798 refutat.
294 733 350 798 Sic
384 743 507 818 sponte
542 736 585 798 ad
617 733 779 798 leniorem
810 736 1009 799 adducimur
1041 737 1315 799 emendationem

123 875 228 936 quarn
262 855 416 917 Rhenani
448 854 504 917 illa
535 863 603 916 est:
635 855 724 917 amni
736 856 875 940 flagitia
897 855 1068 920 obstrictas
1091 855 1227 938 (omisso
1251 855 1314 937 inl:

124 975 327 1039 dicebantur
346 974 389 1037 ab
410 982 605 1037 accusatore
627 973 760 1048 milites
781 975 903 1055 quibus
923 983 992 1037 tam
1014 973 1146 1037 facilem
1166 993 1201 1036 se
1222 993 1318 1056 prae·

123 1096 266 1158 stitisset
290 1093 456 1168 Valerius,
475 1094 565 1155 vitae
586 1064 678 1156 molli
699 1101 733 1155 et
754 1094 892 1156 minime
913 1094 1048 1156 militari
1069 1095 1118 1157 ita
1137 1093 1320 1176 assuefacti

125 1227 164 1278 ut
193 1217 262 1278 iam
293 1215 408 1278 divelli
438 1214 512 1277 inde
533 1225 565 1277 et
587 1214 637 1276 ad
655 1214 770 1276 bonam
787 1215 932 1297 frugem
957 1215 1071 1278 reduci
1093 1235 1154 1277 nan
1172 1225 1316 1297 possent.

127 1334 204 1396 Hoc
229 1343 280 1396 est
303 1334 478 1397 obstrictus
500 1334 603 1396 alicui
624 1335 683 1407 rei,
710 1333 774 1396 hoc
799 1334 902 1395 etiam
927 1333 970 1395 H.
996 1334 1039 1407 II,
1067 1347 1106 1415 37
1128 1333 1317 1415 requiritur,

126 1452 185 1514 ubi
217 1453 391 1515 Mediceus
422 1452 544 1515 habet:
577 1453 676 1534 „lnon
700 1453 815 1535 credo)
840 1452 970 1534 legatos
993 1473 1033 1514 ac
1058 1453 1170 1527 duces,
1196 1472 1319 1534 magna

126 1594 171 1636 ex
194 1581 290 1655 parte
314 1572 413 1635 luxus
436 1573 597 1654 egestatis
616 1571 780 1634 scelerum
800 1571 864 1634 sibi
884 1571 1047 1646 conscios,
1069 1573 1131 1634 nisi
1152 1571 1319 1654 pollutum

125 1693 397 1774 obstrictumque
433 1693 562 1756 meritis
595 1692 663 1754 suis
697 1692 886 1774 principem
922 1690 1110 1774 passuros”,
1146 1693 1206 1754 sed
1242 1711 1319 1753 cum

126 1813 352 1876 deterioribus
370 1811 517 1876 maribus
532 1811 714 1894 legendum
731 1831 804 1874 esse
821 1813 1054 1874 demonstrare
1070 1829 1144 1873 sum
1160 1819 1319 1874 conatus:

127 1934 226 2015 pravi
260 1933 306 1995 illi
342 1939 377 1994 et
411 1933 562 2015 corrupti
597 1933 702 1995 duces
735 1952 803 1994 non
838 1931 940 1995 alium
971 1932 1212 2014 imperatorem
1242 1940 1320 1994 sunt

128 2053 258 2135 passuri
283 2073 385 2134 quam
409 2053 468 2134 qui
490 2053 561 2116 suis
583 2051 729 2115 maribus
752 2051 927 2116 obstrictus
947 2053 967 2114 i.
982 2072 1012 2114 e.
1034 2051 1145 2114 eidem
1166 2051 1322 2115 addictus

128 2174 289 2255 pravitati
313 2175 367 2236 sit.

175 2292 236 2368 XI,
272 2310 300 2373 3.
332 2292 494 2355 Liberum
527 2293 645 2355 mortis
676 2293 852 2355 arbitrium
886 2291 1024 2355 Valerio
1055 2294 1323 2375 permittendum

129 2421 247 2475 censet
271 2411 429 2475 Vitellius
452 2421 487 2475 et
515 2412 678 2492 „eandem
698 2411 936 2475 clementiam''
956 2413 1028 2495 ipse
1048 2432 1184 2494 quoque
1204 2415 1325 2477 suadet

130 2533 334 2614 imperator:

202 2651 449 2732 „Hortantibus
473 2651 595 2714 dehinc
617 2651 819 2733 quibusdam
840 2651 987 2715 inediam
1005 2661 1040 2714 et
1057 2653 1167 2715 lenem
1185 2653 1323 2728 exitum,

129 2771 306 2834 remittere
337 2769 540 2833 beneficium
572 2769 744 2833 Asiaticus
774 2771 832 2846 ait,
865 2779 899 2833 et
929 2771 1107 2853 usurpatis
1132 2772 1254 2854 quibus
1277 2773 1326 2834 in·

129 2898 288 2953 sueverat
321 2890 630 2965 exercitationibus,
659 2889 751 2952 lauto
775 2909 927 2972 corpore,
953 2890 1057 2953 hilare
1082 2891 1280 2973 epulatus..
1296 2940 1325 2954 ..

132 3029 240 3074 venas
263 3008 443 3072 exsolvit.”

180 3128 271 3211 Quid
296 3137 347 3192 est
371 3130 540 3193 remittere
562 3129 773 3214 beneficium?
799 3128 1006 3211 Interpretes
1029 3130 1076 3193 sic
1101 3131 1255 3213 accipere
1280 3133 1327 3194 vi·

131 3249 259 3311 dentur
282 3255 319 3309 ut
343 3249 403 3310 sit:
429 3247 595 3311 beneficio
619 3269 680 3311 nan
705 3249 763 3312 uti.
785 3247 833 3311 At
854 3249 906 3311 cui
927 3249 1011 3312 haec
1032 3250 1212 3314 clementia
1232 3251 1327 3314 liberi

132 3369 255 3431 mortis
285 3368 414 3431 arbitrii
446 3369 526 3431 data
556 3378 618 3444 est,
651 3389 691 3431 ea
717 3390 778 3432 uon
803 3371 854 3433 uti
876 3389 943 3432 non
969 3378 1099 3452 potest:
1125 3392 1328 3454 quocunque

132 3488 240 3551 modo
272 3488 422 3563 moritur,
454 3489 525 3570 ipse
558 3487 644 3552 illius
676 3489 793 3550 mortis
824 3497 942 3552 auctor
970 3490 1024 3564 lit;
1058 3488 1112 3551 ille
1143 3491 1246 3553 etiam
1270 3492 1327 3572 qui

134 3607 247 3690 (xvl,
270 3609 303 3689 9)
327 3607 450 3670 restitit
474 3608 726 3690 percussoribus
750 3617 785 3670 et
809 3628 964 3691 pugnans
988 3628 1064 3671 cum
1087 3609 1225 3671 armatis
1245 3619 1329 3672 tam·

134 3746 240 3809 quarn
265 3727 297 3788 in
322 3727 394 3788 acie
418 3727 552 3800 cecidit,
573 3735 688 3789 tamen
708 3727 799 3790 illam
822 3736 966 3789 mortem
987 3726 1089 3809 elegit
1109 3727 1191 3808 ipse.
1213 3725 1329 3809 Oppo-

135 3853 263 3908 nuntur
286 3846 374 3907 inter
397 3865 432 3908 se
455 3847 624 3910 remittere
642 3855 677 3909 et
690 3893 697 3908 .
712 3895 719 3908 .
734 3895 741 3910 .
755 3895 763 3908 .
776 3846 956 3910 intendere:
978 3845 1116 3909 intendit
1134 3845 1329 3928 quicunque

134 3965 181 4028 ad
214 3972 406 4026 extremum
438 3984 543 4046 usque
575 3965 677 4027 tinem
708 3966 742 4027 in
767 3964 938 4046 aliquare
963 3972 1167 4046 perseverat,
1192 3966 1333 4028 remittit

135 4084 195 4165 qui
233 4102 334 4165 parce
369 4091 404 4144 et
436 4083 568 4146 modice
599 4085 670 4166 agit
686 4082 718 4165 ¹).
751 4082 786 4147 Si
818 4082 951 4145 lecisset
984 4082 1139 4146 Valerius
1171 4083 1205 4146 id
1237 4085 1329 4165 quod

177 4361 204 4428 1)
224 4363 385 4412 Praeclarum
410 4363 567 4427 exemplum,
586 4363 715 4428 simulque
735 4363 906 4414 firmissimum
927 4380 999 4414 meae
1019 4364 1241 4427 interpretationis
1260 4379 1333 4428 argu-

136 4459 268 4514 mentum,
286 4449 393 4513 praebet
412 4449 472 4498 Seu.
493 4449 543 4512 Ep.
565 4460 607 4513 71,
629 4461 674 4511 19:
696 4449 761 4512 „hoc
780 4465 828 4500 nee
847 4451 942 4500 remitti
962 4465 1010 4498 nec
1030 4450 1131 4498 intendi
1150 4449 1254 4514 posse''.
