3258 5240
682 1406 728 1470 ¹1.

164 1631 344 1695 Eduardus
364 1631 526 1708 Wulfflin,
546 1652 623 1695 cum
644 1653 704 1714 per
723 1632 860 1714 longam
877 1651 1042 1696 annorum
1054 1632 1175 1696 seriem
1189 1632 1313 1695 doctis-

116 1751 211 1814 simis
235 1749 579 1832 ingeniosissirnisque
602 1750 645 1813 ad
666 1751 823 1814 Tacitum
844 1752 1123 1815 annotationibus
1142 1749 1313 1834 praeclare

117 1870 185 1932 iam
210 1870 253 1931 de
278 1877 393 1931 nostra
416 1875 488 1931 arte
513 1869 652 1931 meritus
675 1878 773 1944 esset,
798 1870 863 1932 hoc
887 1871 961 1953 ipso
985 1890 1075 1932 anno
1099 1870 1312 1952 splendidam

116 1996 222 2068 atque
250 1987 456 2068 insperatam
487 1986 565 2049 huic
593 1987 750 2070 scriptori
780 1988 894 2051 attulit
922 1987 1033 2050 lucem
1063 1997 1097 2051 et
1125 1989 1172 2050 sic
1195 1990 1239 2052 ab
1263 1989 1313 2064 iis,

117 2106 176 2188 qui
213 2104 370 2168 Tacitum
404 2105 532 2188 legunt,
568 2107 774 2169 incubonem
809 2109 991 2189 quendam,
1024 2128 1093 2189 quo
1125 2109 1224 2170 nimis
1256 2109 1313 2172 diu

117 2224 413 2306 opprimebantur,
438 2225 568 2306 fugavit
592 2225 860 2290 demonstrando
885 2275 1022 2289 .....
1044 2227 1260 2320 Plutarchum
1281 2229 1314 2290 in

118 2345 200 2408 vitis
224 2342 354 2406 Galbae
378 2352 412 2406 et
437 2343 585 2408 Othonis
608 2345 796 2408 scribendis
819 2346 940 2409 Tacito
965 2354 1102 2409 auctore
1126 2367 1222 2409 usum
1238 2347 1271 2430 ¹).

167 2462 292 2525 Rideat
310 2461 365 2525 hic
385 2463 496 2526 forsan
516 2463 710 2526 Pullennius
728 2465 846 2545 ingens
865 2472 899 2528 et
918 2465 1157 2547 „praeclarum
1171 2463 1315 2539 hercle’'‚

118 2580 291 2644 exclamet
318 2582 525 2662 ,inventum
550 2583 722 2665 tantisque
745 2582 902 2646 laudibus
925 2584 1082 2665 dignum!
1107 2583 1211 2666 Quasi
1235 2605 1316 2646 vero

119 2700 309 2782 quidquam
329 2708 444 2764 nostra
463 2702 548 2764 scire
568 2703 701 2764 intersit
720 2711 794 2764 uter
812 2709 923 2764 utrum
943 2703 1167 2785 exscripserit.
1186 2701 1316 2784 Quodsi

120 2826 278 2882 vetustae
308 2818 385 2881 illae
417 2819 563 2894 chartae,
596 2821 632 2883 id
665 2822 756 2901 quod
790 2820 995 2896 dubitamus,
1027 2821 1166 2883 omnino
1194 2821 1316 2902 dignae

119 2946 201 3000 sunt
232 2958 319 3020 quae
350 2937 516 3020 legantur,
548 2959 600 3002 res
633 2940 712 3002 inde
743 2940 912 3002 discamus
943 2948 978 3002 et
1009 2939 1107 3014 iacta,
1137 2948 1250 3002 cetera
1274 2960 1316 3002 ne

120 3061 295 3119 curemus!
327 3056 488 3121 Contenti
520 3077 594 3120 esse
623 3067 765 3140 possunt
789 3067 824 3120 et
847 3059 986 3122 Tacitus
1011 3067 1046 3121 et
1071 3058 1267 3121 Plutarchus
1291 3059 1317 3120 si

121 3185 240 3240 nostra
262 3185 356 3239 aetas
379 3176 492 3258 legere
517 3197 575 3239 eos
600 3176 791 3259 dignatur'’.

169 3295 220 3358 At
254 3295 312 3376 qui
347 3296 381 3358 in
417 3295 508 3358 hisce
544 3297 665 3358 studiis
699 3297 789 3358 vitae
825 3296 938 3378 posuit
969 3295 1188 3360 tabernacula
1217 3296 1319 3378 longe

122 3414 223 3478 aliter
245 3433 281 3476 se
305 3434 377 3476 rem
401 3413 526 3477 habere
550 3424 711 3497 expertus
734 3416 840 3477 novit.
865 3414 1035 3496 Quamdiu
1056 3416 1146 3478 enim
1167 3416 1320 3497 regnavit

123 3533 252 3616 opinio,
271 3553 373 3615 quam
393 3554 481 3597 nunc
501 3535 648 3615 denique
665 3533 825 3596 refutavit
838 3534 1073 3610 Woelfflinius·,
1087 3533 1319 3596 incredibilem

124 3652 298 3734 quandam
334 3672 405 3715 rem
441 3672 502 3735 pro
537 3672 618 3714 vera
648 3653 803 3735 accipere
835 3653 1050 3735 cogebamur,
1083 3671 1150 3733 qua
1181 3653 1320 3714 tandem

123 3771 311 3853 aliquando
352 3792 415 3834 nos
453 3771 615 3834 liberatos
649 3772 731 3834 satis
765 3772 913 3854 gaudere
948 3791 1016 3834 non
1051 3788 1239 3852 possumus.
1276 3768 1322 3830 Et

124 3891 284 3973 regnavit
306 3889 378 3953 illa:
404 3899 676 3973 propugnatores
701 3891 791 3953 enim
815 3890 934 3953 habuit
958 3891 1048 3952 viros
1071 3908 1203 3952 summa
1227 3906 1321 3971 prae-

125 4010 219 4074 ditos
252 4011 466 4086 auctoritate,
501 4030 645 4092 quorum
681 4011 863 4093 imperiosa
899 4011 1038 4073 decreta
1072 4006 1322 4092 philologorum

124 4129 249 4210 vulgus
279 4137 376 4192 tanto
407 4129 591 4192 affecerant
621 4138 749 4192 terrore
784 4137 944 4211 metuque
969 4136 1006 4192 ut
1030 4127 1160 4192 hiscere
1183 4128 1323 4189 auderet

166 4352 193 4420 r)
213 4353 244 4403 In
272 4349 545 4418 „Sitzungsberichten
564 4353 610 4403 der
629 4353 830 4419 philos-philol.
850 4354 906 4403 und
923 4353 969 4402 der
987 4353 1078 4403 histor.
1098 4352 1187 4402 Classe
1206 4351 1252 4400 der
1271 4349 1323 4414 kgl.

123 4443 215 4504 boyer.
237 4441 377 4490 Academie
397 4439 443 4488 der
461 4439 686 4489 wissenschaften
708 4453 771 4504 ¹90¹
795 4439 859 4488 Helt
878 4438 917 4488 1¹¹.
