3228 5236
897 467 959 546 164

325 650 362 703 ut
382 641 567 724 imperator
582 643 756 707 dederat.”
769 645 935 728 Defuncto
947 649 1113 729 Augusto:
1126 666 1253 729 ergone
1265 656 1380 712 cetera
1392 652 1524 724 omnia,

326 782 412 843 quae
445 762 499 825 hic
513 744 714 839 narrantur,
739 765 929 848 quibusque
953 786 1019 829 una
1044 766 1127 830 haec
1153 787 1205 829 res
1230 769 1416 850 opponitur,
1440 771 1524 832 vivo

325 882 502 944 etiamtum
524 882 705 964 validoque
725 882 883 966 Augusto
903 883 1110 949 factasunt?
1138 885 1247 949 Immo
1268 906 1349 949 vero
1369 889 1412 950 ad
1429 888 1524 951 idem

326 1009 461 1084 tempus
480 1009 603 1064 cuncta
623 1003 805 1085 pertinent,
825 1024 902 1067 cum
923 1013 981 1068 aut
1002 1006 1068 1068 iam
1090 1006 1329 1088 exspiravisset
1346 1006 1525 1088 Augustus

326 1127 385 1182 aut
404 1121 438 1182 in
458 1120 600 1184 articulo
621 1123 739 1185 mortis
760 1132 857 1186 esset.
879 1124 932 1186 De
953 1124 1001 1199 iio,
1024 1144 1110 1205 quae
1128 1125 1284 1207 proxime
1303 1127 1525 1207 praecedunt,

327 1239 380 1301 vel
413 1239 720 1304 manifestissimum
753 1241 835 1305 illud
866 1251 934 1305 est:
972 1243 1033 1322 „de
1058 1243 1244 1306 honoribus
1268 1245 1420 1326 parentis
1443 1265 1525 1308 con·

326 1358 506 1434 sulturum,
528 1381 637 1442 neque
657 1360 840 1424 abscedere
860 1383 882 1424 a
902 1374 1054 1446 corpore,
1076 1362 1179 1444 idque
1199 1383 1303 1426 unum
1320 1384 1365 1426 ex
1377 1364 1524 1446 publicis

329 1478 522 1542 muneribus
547 1479 741 1563 usurpare.”
766 1481 845 1543 Post
870 1480 961 1544 illam
986 1482 1135 1564 corporis
1158 1484 1522 1546 commemorationem

327 1598 475 1660 continuo
507 1599 554 1660 sic
586 1618 725 1681 pergere
733 1625 740 1674 ;
777 1601 855 1680 „sed
881 1599 1034 1682 defuncto
1059 1598 1216 1680 Augusto
1241 1621 1270 1663 e.
1291 1621 1324 1682 q.
1345 1600 1394 1664 εἶ’
1419 1623 1523 1684 quam
1609 1663 1610 1670 ,

328 1717 371 1779 sit
395 1718 548 1799 ineptum
572 1719 629 1780 vix
653 1719 719 1781 iam
743 1719 855 1782 dicere
880 1739 975 1802 opus
1001 1717 1068 1782 Sed
1088 1720 1122 1782 in
1143 1721 1313 1801 integrum
1335 1723 1524 1786 restituitur

329 1835 432 1910 locus,
460 1837 487 1898 si
511 1845 590 1899 ante
613 1837 767 1920 &functo
791 1836 911 1900 vocula
933 1839 1003 1912 vix,
1027 1838 1135 1901 aliave
1160 1839 1193 1901 in
1218 1841 1363 1903 eandem
1388 1849 1524 1904 senten-

329 1955 411 2017 tiam
436 1954 603 2018 inseritur.

375 2191 418 2254 A.
443 2193 469 2255 Ι.
495 2209 547 2255 22.
581 2193 762 2257 Discordes
795 2195 987 2258 Pannoniae
1020 2194 1142 2257 milites
1170 2195 1237 2257 iam
1261 2205 1296 2258 et
1320 2196 1385 2260 alia
1409 2200 1526 2261 turbu-

329 2310 422 2374 lenta
445 2311 596 2377 lecerunt
621 2313 726 2375 multa
750 2321 785 2376 et
808 2334 942 2378 carcere
966 2313 1105 2377 effracto
1129 2316 1321 2378 desertores
1344 2337 1527 2400 rerumque

331 2430 526 2514 capitalium
561 2435 741 2496 damnatos
775 2433 1013 2496 liberaverunt.
1050 2433 1134 2496 Inde
1168 2453 1285 2496 eorum
1318 2456 1411 2512 unus,
1444 2445 1526 2499 ante

332 2551 440 2615 Blaesi
464 2552 566 2635 legati
591 2552 737 2615 tribunal
761 2553 926 2615 allevatus
950 2555 1084 2628 umeriS,
1108 2553 1155 2616 sic
1176 2554 1367 2618 declamare
1387 2555 1526 2637 incipit:

379 2671 471 2751 ,Vos
491 2673 628 2754 quidem
650 2671 701 2734 his
721 2671 957 2735 innocentibus
978 2679 1013 2734 et
1034 2672 1226 2734 miserrimis
1247 2672 1356 2736 lucem
1377 2681 1412 2736 et
1429 2675 1528 2755 spiri-

332 2800 404 2854 turn
429 2792 639 2867 reddidistis,
663 2792 722 2854 sed
748 2793 822 2872 quis
841 2790 933 2853 fratri
955 2811 1032 2854 meo
1052 2792 1168 2866 vitam,
1189 2793 1264 2873 quis
1284 2791 1420 2856 fratrem
1442 2795 1528 2856 mihi

332 2911 464 2976 reddit?
489 2933 590 2994 quem
615 2903 752 2976 missum
776 2914 819 2975 ad
845 2932 905 2974 vos
929 2933 949 2975 a
973 2910 1175 2976 Germanico
1197 2915 1347 2978 exercitu
1369 2916 1412 2977 de
1434 2933 1528 2978 com·

333 3032 490 3095 munibus
517 3033 715 3107 commedio,
745 3040 845 3094 nocte
871 3032 1026 3114 proxima
1050 3032 1212 3114 iugulavit
1237 3054 1297 3116 per
1319 3033 1529 3115 gladiatores

332 3171 419 3227 suoS,
444 3172 529 3233 quos
551 3153 586 3215 in
611 3153 752 3214 exitium
777 3151 921 3214 militum
946 3151 1050 3214 habet
1074 3160 1177 3233 atque
1201 3151 1344 3215 armat.’'

377 3271 537 3333 Potestne
558 3272 611 3333 hic
632 3271 726 3334 verbi
746 3271 915 3355 iugulavit
933 3272 1045 3334 omitti
1065 3269 1273 3334 subiectum?
1295 3271 1373 3335 Non
1390 3272 1526 3353 opinor,

332 3391 391 3453 sed
425 3399 461 3452 ut
493 3391 608 3454 omnia
634 3392 700 3453 sint
726 3391 922 3473 perspicua,
947 3399 1051 3471 utque
1076 3391 1109 3452 id
1134 3391 1226 3472 quod
1251 3392 1419 3472 sequitur:
1454 3411 1527 3470 ,re-

331 3511 473 3592 sponde,
495 3510 622 3586 Blaese,
644 3511 700 3573 ubi
720 3512 866 3574 cadaver
885 3509 1079 3585 abieceri5,’‘
1094 3519 1128 3572 et
1141 3531 1209 3591 quo
1223 3510 1527 3575 reseraturhabeat

330 3638 364 3692 et
384 3650 479 3693 suam
499 3629 562 3692 sibi
583 3629 738 3693 obtineat
757 3628 989 3704 acerbitatem,
1010 3628 1191 3711 legendum
1212 3648 1335 3691 censeo
1354 3629 1528 3712 iugulavit

329 3750 397 3813 iste.
431 3749 545 3812 Facile
578 3750 735 3813 excidere
766 3767 955 3830 pronomen
984 3747 1065 3810 illud
1090 3748 1211 3830 potuit.
1238 3747 1326 3811 Nam
1350 3749 1393 3810 ad
1419 3769 1525 3830 quem

328 3867 441 3932 locum
467 3868 567 3950 vulgo
592 3868 645 3932 hic
670 3877 885 3952 provocatur,
910 3887 988 3930 eum
1013 3887 1076 3948 ego
1100 3868 1268 3949 integrum
1293 3866 1346 3929 hic
1366 3866 1524 3930 afferam:

330 3987 528 4070 plerumque
552 3991 643 4052 enim
667 3990 700 4052 id
725 3989 893 4053 omittitur
917 3989 1007 4051 unde
1028 3995 1191 4070 appareat
1308 3987 1465 4070 praesidii
1486 3987 1524 4051 in

330 4127 371 4169 eo
396 4107 477 4170 nihil
503 4125 575 4168 esse
600 4107 654 4189 (A.
681 4109 723 4184 ΙΙ,
749 4109 822 4191 70):

380 4224 510 4308 ,Simul
530 4226 624 4288 missi
645 4247 667 4289 o
689 4226 810 4290 Pisone
831 4226 1077 4299 incusabantur,
1104 4233 1140 4290 ut
1165 4225 1358 4300 valitudinis
1378 4225 1524 4288 adversa

331 4349 501 4408 rimantes.
534 4343 585 4407 Ea
616 4344 819 4408 Germanico
851 4345 940 4408 haud
973 4345 1082 4407 minus
1109 4345 1157 4406 ira
1181 4363 1283 4425 quam
1307 4363 1367 4427 per
1393 4354 1523 4407 metum

330 4473 482 4546 accepta.
518 4462 552 4528 Si
587 4464 689 4526 limen
726 4464 946 4540 obsideretur,
976 4465 1006 4564 si
1038 4462 1261 4526 effundendus
1292 4465 1429 4546 spiritus
1459 4465 1523 4528 sub
