3228 5236
671 379 728 458 165

99 554 208 616 oculis
228 555 439 622 inimicorum
461 555 557 630 soret,
578 556 659 637 quid
682 557 806 619 deinde
828 557 1034 620 miserrimae
1051 557 1196 638 coniugi,
1213 557 1294 639 quid

96 672 285 736 infantibus
304 672 419 736 liberis
439 673 661 738 eventurum?
682 675 793 740 Lenta
814 677 920 740 videri
942 677 1116 751 veneficia,
1137 676 1295 740 festinare

95 801 132 855 et
156 813 287 875 urgere,
312 801 349 856 ut
373 794 594 876 provinciam,
620 803 657 857 ut
681 795 832 877 legiones
856 796 946 859 solus
970 795 1128 859 habeat.”

143 913 265 995 Neque
299 913 365 976 hoc
400 914 641 996 negligendum
677 935 767 990 eum,
798 917 855 997 qui
887 915 1061 998 popellum
1094 914 1295 997 alloquatur,

99 1033 211 1114 digito
237 1041 424 1096 monstrare
445 1033 598 1097 homines
620 1055 705 1116 quos
725 1043 870 1110 accusat,
891 1034 992 1116 longe
1013 1034 1112 1098 aliam
1132 1055 1205 1098 esse
1226 1037 1296 1098 eius

97 1152 303 1237 orationem,
326 1153 384 1234 qui
408 1152 498 1216 solus
522 1172 635 1216 secum
661 1154 704 1216 de
728 1153 928 1216 adversariis
951 1154 1019 1217 suis
1042 1154 1179 1235 cogitat.

146 1391 173 1454 1.
196 1408 247 1473 32.
269 1392 321 1454 De
343 1391 619 1456 Germanicarum
639 1391 810 1476 legionum
831 1393 998 1456 seditione
1019 1400 1054 1456 et
1073 1394 1138 1457 alia
1158 1403 1193 1457 et
1212 1393 1295 1456 haec

101 1518 298 1574 narrantur:

148 1630 326 1713 ,Repente
358 1629 527 1713 lymphati
558 1633 727 1694 destrictis
756 1632 877 1714 gladiis
908 1634 942 1695 in
966 1635 1180 1696 centuriones
1203 1635 1295 1697 inva-

97 1751 186 1812 dunt
187 1797 286 1813 .....
295 1815 297 1818 ,
319 1750 509 1814 Prostratos
539 1751 736 1814 verberibus
767 1752 928 1828 mulcant,
951 1754 1111 1836 sexageni
1135 1753 1293 1836 singulos,

96 1877 135 1931 ut
160 1889 339 1932 numerum
362 1871 598 1934 centurionum
623 1871 854 1953 adaequarent
863 1899 871 1947 ;
897 1881 969 1934 tum
993 1872 1173 1935 convulsos
1192 1872 1296 1935 lania·

96 1997 222 2070 tosque
244 1996 279 2051 et
300 1989 422 2070 partim
443 1990 618 2052 exanimos
638 1998 717 2052 ante
731 1989 855 2053 vallum
869 1999 927 2053 aut
941 1992 974 2052 in
988 2011 1123 2053 amnem
1137 1991 1294 2053 Rhenum

99 2106 308 2189 proiciunt.”

145 2225 204 2288 Ad
227 2226 386 2308 sexageni
405 2226 554 2310 singulos
577 2225 662 2289 haec
686 2235 829 2291 annotat
854 2227 1099 2310 Nipperdeius:

150 2346 235 2426 ,Die
268 2345 431 2408 Soldaten
464 2346 675 2421 betrachten,
708 2367 775 2410 was
806 2348 872 2409 den
901 2346 1076 2434 einzelnen
1101 2368 1168 2410 von
1193 2348 1294 2410 ihnen

100 2466 262 2548 geschah,
293 2466 356 2528 wie
387 2466 465 2528 dem
496 2466 629 2548 Korper
653 2487 695 2529 an
720 2467 831 2530 einem
855 2466 962 2542 Teile,
986 2487 1024 2529 so
1047 2466 1096 2530 als
1119 2466 1206 2530 allen
1231 2468 1295 2530 ins·

100 2593 234 2667 gesamt
252 2583 390 2666 gethan.
412 2585 488 2648 Wie
508 2585 579 2648 also
599 2586 643 2649 60
663 2586 885 2649 centurionen
907 2586 962 2648 die
980 2585 1109 2667 Legion
1122 2585 1295 2668 schlugen,

99 2726 137 2768 so
170 2705 254 2768 wird
283 2705 369 2786 jetzt
397 2705 494 2786 jeder
526 2704 687 2769 Centurio
721 2727 787 2768 von
819 2707 863 2769 60
894 2705 1057 2770 Soldaten
1080 2706 1294 2788 geschlagen,

101 2845 157 2888 um
187 2825 293 2906 jeden
325 2823 480 2887 dasselbe
508 2823 623 2888 suhlen
648 2846 686 2887 zu
712 2824 831 2900 lassen,
857 2845 924 2888 was
948 2825 1061 2888 bisher
1084 2826 1138 2889 die
1163 2825 1294 2908 Legion

100 2943 232 3024 gesiihlt
257 2942 349 3005 hat.”

145 3062 193 3125 Et
225 3061 348 3144 probat
379 3063 442 3125 ista
474 3062 665 3125 Furneaux.
699 3061 748 3125 At
779 3083 843 3145 ego
875 3063 933 3126 vix
964 3065 1067 3127 credo
1098 3071 1229 3128 tantam
1261 3065 1294 3127 in

102 3181 276 3249 militibus
297 3182 360 3245 illis
391 3182 490 3246 fuisse
521 3183 722 3257 doctrinam,
746 3191 805 3245 aut
828 3191 959 3246 tantam
985 3186 1017 3246 in
1042 3186 1295 3249 centurionibus

99 3302 323 3385 sagacitatem
355 3310 392 3365 ut
421 3301 706 3383 sapientissimum
739 3302 820 3365 illud
853 3303 997 3367 militum
1025 3305 1201 3368 consilium
1227 3327 1294 3368 non

101 3421 268 3484 admoniti
292 3421 407 3483 statim
431 3421 671 3503 perspicerent.
698 3421 753 3484 An
775 3442 899 3504 praeco
919 3423 1039 3505 aliquis
1058 3425 1216 3489 adstabat
1236 3426 1293 3507 qui

101 3540 191 3604 clara
215 3560 300 3603 voce
323 3539 427 3603 latine
452 3560 491 3602 ea
516 3540 733 3617 declamaret,
757 3543 898 3624 quaein
919 3541 1119 3624 Nipperdeii
1138 3542 1294 3624 leguntur

102 3656 345 3722 annotatione?
365 3659 444 3722 Non
465 3659 595 3742 opinor.
618 3660 692 3723 Iure
713 3681 793 3742 ergo
815 3662 951 3724 miseret
971 3661 1217 3736 centurionum,
1236 3661 1293 3743 qui

102 3779 337 3852 convellantur,
357 3778 536 3854 lanientur,
556 3780 679 3861 partim
699 3781 865 3842 exanimes
877 3780 1092 3862 proieeantur
1112 3787 1146 3842 et
1167 3799 1209 3842 ne
1229 3779 1295 3843 hoc

102 3898 252 3979 quidem,
284 3896 373 3962 haud
405 3897 480 3961 leve
513 3898 677 3981 profecto,
707 3899 825 3960 mortis
848 3897 997 3961 habeant
1020 3897 1176 3961 solatium
1202 3901 1293 3980 quod

106 4017 335 4100 „symbolice”
366 4039 402 4081 se
438 4017 597 4100 vapulare
633 4017 791 4080 sentiant.
828 4015 895 4081 Sed
932 4017 1062 4092 frustra,
1094 4027 1131 4080 ut
1163 4019 1293 4101 opinor,

103 4139 282 4202 desudavit
314 4138 559 4222 Nipperdeius:
593 4137 682 4200 nulla
714 4137 804 4199 enim
837 4139 1010 4201 doctrinae
1043 4140 1093 4202 vis
1125 4147 1219 4201 tanta
1243 4147 1294 4202 est

104 4267 140 4320 ut
171 4260 216 4333 id,
248 4258 340 4340 quod
372 4258 427 4321 ille
459 4256 575 4332 voluit,
608 4278 626 4320 e
659 4257 770 4320 verbis
800 4269 838 4321 ut
866 4279 1038 4322 numerum
1070 4259 1293 4323 centurionum

104 4379 329 4460 adaequarent
351 4377 420 4440 ullo
446 4379 548 4441 modo
573 4378 679 4460 possit
703 4379 907 4460 extorqueri.
934 4378 1140 4454 Reddamus,
1161 4398 1293 4455 censeo,
