3248 5230
864 425 929 490 300

300 605 380 649 vero
405 582 577 664 ἐξεύρισκεν
601 588 661 650 sed
685 584 821 666 εύρισκεν
842 583 922 672 (ύσον
948 585 1068 666 εὕρισκε
1095 620 1134 646 z
1158 582 1225 650 ύσου
1249 587 1414 670 ύλφανεν).
1440 589 1491 653 At

300 703 482 784 ἐξευρίσκειν
508 729 680 790 nunquam
705 709 795 773 aliud
816 711 1002 792 quidquam
1024 717 1137 791 potest
1161 709 1349 791 significare
1370 730 1491 791 quam:

303 836 449 908 „certam
478 827 626 910 aliquam
651 849 722 892 rem
746 831 780 893 in
806 849 928 912 magna
952 829 1161 893 diversarum
1185 849 1297 891 rerum
1321 831 1420 911 copia
1443 833 1492 892 in-

299 948 467 1030 vestigare
492 956 526 1011 et
550 947 734 1026 invenire”,
758 951 792 1012 id
818 951 909 1031 quod
935 949 1070 1032 egregie
1094 949 1254 1012 convenit
1279 950 1312 1012 in
1337 969 1389 1012 res
1410 949 1493 1024 illas,

301 1068 486 1151 dequibus
507 1069 561 1132 hic
582 1077 633 1132 est
654 1090 775 1146 serm0,
797 1071 921 1133 eodem
944 1077 1138 1150 congestas;
1160 1069 1206 1130 ibi
1230 1089 1326 1130 suum
1350 1069 1493 1151 quisque

300 1207 462 1270 quaerere
496 1188 646 1251 debebat
680 1197 817 1252 senator
852 1198 885 1252 et
920 1190 1098 1252 inventum
1127 1188 1361 1269 recuperabat.
1398 1188 1492 1270 Lege

299 1326 380 1388 ergo
403 1300 547 1376 ἕκαστος.

344 1424 437 1489 Otho
458 1426 490 1490 11
521 1421 684 1498 Ἐλελύύει
710 1426 919 1510 (Tigellinus)
940 1424 997 1500 μὲν
1017 1425 1081 1504 γὰρ
1102 1423 1156 1498 ἤδη
1177 1424 1382 1506 κολαζόμενος
1403 1426 1488 1504 αὐτῷ

298 1543 340 1622 τῷ
365 1541 457 1624 Φοβῳ
480 1550 536 1616 τῆς
561 1541 718 1615 κωλύσεως
742 1583 785 1592 -
810 1542 910 1614 αύτούς
934 1566 969 1609 τε
994 1542 1053 1614 τας
1159 1544 1189 1606 ἐν
1286 1541 1412 1622 πύρναις

299 1664 530 1741 ἐγκυλινδήσεις
628 1663 769 1745 ἐσχοέτιρν
789 1664 938 1744 τιμωρίαν
960 1665 1113 1729 ἐποιοῦντο
1130 1713 1138 1728 .
1154 1711 1182 1727 ..
1203 1663 1229 1726 οἱ
1252 1668 1490 1742 σωφρονοῦντες.

299 1785 425 1850 Coraes
456 1784 538 1849 illud
570 1781 670 1853 αύτούς
697 1787 793 1848 dedit
817 1806 879 1867 pro
904 1783 997 1854 αύτύς
1022 1785 1065 1866 (v.
1085 1784 1107 1847 l.
1132 1784 1253 1866 αὐτοῦ).
1278 1782 1346 1847 Sed
1372 1803 1492 1867 parurn

301 1905 437 1988 elegans
458 1907 521 1968 ista
541 1907 717 1990 repetitio:
738 1905 823 1983 αύτῷΙ
844 1904 886 1983 τῷ
906 1903 999 1983 Φόβῳ
1096 1902 1197 1974 αύτούς
1216 1926 1253 1966 τε
1272 1901 1344 1973 τούς.
1364 1903 1493 1966 Veram

299 2024 481 2088 lectionem
506 2026 659 2089 nondum
683 2026 856 2089 inventam
882 2027 1012 2109 opinor.

345 2143 438 2209 Otho
459 2143 509 2207 IV
534 2144 829 2208 Praetorianorum
853 2145 1035 2208 tumultum
1058 2145 1192 2207 modica
1213 2164 1323 2228 poena
1343 2143 1495 2206 coercuit

300 2263 403 2328 Otho.
437 2263 613 2347 Sequitur:
643 2268 748 2326 ταῦτα
779 2265 805 2326 ol
838 2263 895 2339 μ’ἐν
919 2265 1108 2340 ἀγαπῶντες
1133 2262 1186 2336 ἤδη
1213 2261 1265 2326 καὶ
1291 2260 1491 2332 πιστεύοντες

300 2381 473 2466 ε’ύαύριαζου
501 2382 561 2455 τὴν
592 2381 789 2460 μεταβολήν.
822 2384 894 2448 Aut
925 2383 1065 2447 confusa
1098 2383 1181 2446 haec
1213 2390 1271 2445 aut
1294 2381 1361 2445 alio
1385 2381 1491 2445 modo

298 2513 468 2588 corrupta.

343 2625 388 2688 ib.
418 2623 512 2694 Otho
533 2621 672 2703 ἔγραψεν
697 2622 872 2704 Οὐιτελλίῳ
892 2620 1103 2701 στρατιωτικοὶ
1122 2625 1255 2701 φρονεῖν.
1279 2619 1371 2684 Nihil
1387 2621 1490 2696 istud,

299 2753 333 2806 et
365 2745 391 2806 si
417 2753 508 2808 recte
531 2763 681 2827 unquam
707 2747 885 2827 quisquam
910 2745 1022 2807 verbis
1046 2740 1255 2821 στρατιωτικὰ
1279 2747 1400 2819 Φρονεΐυ
1425 2743 1493 2804 uti-

298 2872 362 2938 tur,
391 2863 473 2927 dicit
503 2863 629 2946 aliquid
662 2865 754 2946 quod
779 2864 822 2927 ab
847 2862 1011 2926 hocloco
1035 2871 1212 2943 estquam
1236 2862 1491 2925 alienissimum.

299 2981 371 3045 Aut
392 2983 482 3046 enim
504 2983 584 3045 nihil
605 2981 661 3046 illa
682 2983 847 3046 vocabula
866 2982 1068 3064 significant,
1089 2990 1147 3045 aut
1164 2982 1343 3061 „militares
1356 3000 1491 3044 sumere

300 3101 462 3165 animos'’.
496 3101 606 3184 Quam
638 3123 718 3186 ergo
743 3103 936 3177 absurdum,
962 3102 1134 3166 adhortari
1159 3100 1257 3164 simul
1280 3101 1427 3184 aliquem
1453 3110 1492 3164 ut

300 3220 418 3284 militis
437 3241 473 3284 se
494 3223 630 3285 nomine
654 3223 794 3304 dignum
819 3223 991 3305 praebeat,
1017 3230 1052 3284 et
1074 3221 1104 3284 ei
1129 3221 1279 3283 luxuriae
1300 3220 1420 3283 offerre
1441 3220 1492 3282 in·

299 3349 486 3407 strumenta
518 3342 544 3403 si
575 3363 596 3404 a
628 3340 716 3404 bello
747 3342 905 3406 desistat!
932 3340 1146 3404 Plutarchum
1170 3341 1341 3423 scripsisse
1367 3360 1492 3403 censeo

301 3458 489 3539 συμβατικοὶ
523 3463 662 3540 Φρονεῑν;
695 3461 760 3526 hoc
791 3461 881 3524 illam
913 3460 1018 3540 habet
1049 3459 1199 3538 εἰρωνείαν
1232 3468 1266 3523 et
1289 3460 1492 3534 irrisionem,

300 3604 368 3667 qua
398 3603 483 3666 opus
515 3583 569 3645 hic
599 3590 661 3656 est,
694 3590 728 3644 et
759 3580 964 3644 adiectivum
995 3577 1194 3655 συμβατικύς
1228 3579 1408 3644 Plutarcho
1438 3589 1492 3642 est

301 3707 335 3768 in
359 3705 497 3768 deliciis
523 3704 630 3767 Flam.
656 3723 684 3765 c.
712 3716 726 3782 5
752 3721 776 3763 S.
791 3699 812 3764 f.
838 3704 983 3780 Φιλίππω
1004 3699 1138 3764 δοκοῦντι
1161 3698 1367 3777 συμβατικῶς
1389 3697 1487 3777 ἔχειν.

301 3824 400 3888 Aem.
422 3823 513 3888 Paul.
535 3826 556 3889 6
578 3822 700 3888 διέδωκε
723 3819 817 3897 λύγον
840 3819 1055 3901 φιλύνύρωπον
1079 3825 1131 3884 καὶ
1156 3818 1367 3897 συμβατικόν.
1392 3819 1488 3885 Cam.

300 3947 340 4008 28
365 3942 500 4020 ἐγίνοντο
526 3941 718 4022 συμβατικοὶ
746 3941 845 4018 κύριοι.

344 4063 357 4130 ἐ
381 4066 412 4129 δὲ
438 4065 608 4145 Σπουρίνας
633 4062 895 4147 προσβιαζόμενος
921 4061 1033 4133 αὐτοὺς
1063 4063 1120 4146 (sc.
1146 4063 1269 4125 milites
1293 4060 1367 4124 illos
1391 4061 1489 4124 urba·

299 4208 370 4264 nos,
404 4187 554 4249 laborem
586 4185 828 4268 detrectantes)
861 4181 1027 4248 ἐκινδύνευε
1058 4179 1162 4259 μικρύν
1198 4181 1343 4250 ἐλθόντας
1365 4183 1489 4244 ἀνελεῖν

299 4305 402 4372 αύτύν.
438 4305 522 4368 Mire
554 4305 683 4368 dictum
714 4304 902 4369 ἐκινδύνευσε
926 4301 1031 4383 μικρύν
1057 4325 1118 4388 pro
1142 4301 1229 4380 παρὰ
1253 4301 1358 4380 μικρὸν
1385 4299 1488 4379 ἔφυγε

297 4424 343 4492 τύ.
368 4427 572 4508 Corruptum
596 4444 729 4487 censeo.
