3248 5230
873 437 938 498 266

309 616 357 678 sic
382 623 419 678 ut
434 637 538 698 gener
558 624 592 678 et
611 637 702 679 socer
722 637 822 679 unam
843 637 924 690 rem,
947 636 1048 678 unam
1068 615 1277 688 affinitatem,
1299 615 1509 696 significent,

310 735 607 798 coniunctionibus
637 755 700 817 que
728 734 783 798 vel
813 747 845 799 et
874 735 1149 812 vinciamushic
1177 753 1299 816 „gener
1322 755 1361 797 ac
1384 733 1513 796 socer”
1541 821 1545 826 Δ

309 855 440 939 legitur.

353 1093 397 1156 H.
423 1095 449 1168 I,
476 1107 528 1176 37.
560 1094 599 1156 In
631 1095 749 1156 castris
780 1094 957 1175 praetoriis
981 1092 1075 1157 Otho
1098 1093 1141 1154 ad
1167 1091 1290 1155 milites
1313 1093 1516 1156 orationem

308 1212 422 1286 habet,
458 1233 525 1294 qua
561 1213 601 1275 iis
632 1213 666 1276 in
700 1214 897 1276 memoriam
932 1221 1032 1276 vocat
1063 1232 1287 1295 quaecunque
1317 1212 1427 1277 Galba
1463 1217 1516 1277 ad

308 1331 440 1396 Italiam
461 1334 629 1396 accedens
648 1333 825 1414 ipsamque
846 1333 964 1395 urbem
985 1333 1114 1396 intrans
1133 1307 1314 1396 crudeliter
1333 1333 1424 1396 fecit.
1453 1333 1516 1396 Ibi

307 1462 342 1515 et
366 1451 453 1516 hanc
478 1453 621 1536 legimus
645 1453 947 1516 exclamationem:

1377 1523 1390 1546 ι

356 1570 471 1654 „Quae
495 1592 636 1654 usquam
662 1574 847 1655 provincia,
872 1593 959 1654 quae
983 1583 1093 1636 castra
1116 1581 1195 1636 sunt
1221 1573 1283 1634 nisi
1307 1579 1451 1636 cruenta
1474 1582 1519 1636 et

309 1690 487 1767 maculata,
512 1700 580 1766 aut,
605 1701 642 1753 ut
666 1693 738 1773 ipse
762 1693 947 1774 praedicat,
971 1693 1154 1755 emendata
1177 1700 1213 1755 et
1237 1691 1412 1754 correcta'’
1428 1691 1468 1774 ¹).

355 1812 433 1895 Ipse
462 1831 565 1874 sonus
596 1811 777 1874 verborum
812 1831 918 1893 „quae
950 1812 1134 1892 provincia,
1159 1831 1247 1893 quae
1271 1820 1382 1874 castra
1405 1810 1520 1875 „tunt”

309 1930 413 1993 habet
444 1932 537 2011 quod
569 1930 690 1993 vitium
722 1938 848 2013 crepet.
882 1931 935 1993 De
966 1932 1137 1994 sententia
1168 1932 1354 1994 videamus.
1379 1931 1520 1996 Nonne

309 2051 492 2113 absurdum
529 2059 580 2113 est
615 2051 824 2113 contendere
861 2051 987 2144 nullam
1023 2072 1161 2134 usquam
1193 2071 1266 2115 esse
1291 2053 1520 2135 provinciam

309 2190 411 2252 quam
443 2190 511 2232 non
544 2189 662 2232 cruore
690 2171 869 2252 asperserit
894 2169 1023 2234 Galba?
1048 2170 1139 2233 Num
1163 2171 1326 2234 credibile
1349 2171 1433 2234 illud
1463 2174 1521 2236 vi-

309 2291 381 2370 deri
418 2297 552 2372 poterat
587 2290 641 2352 vel
673 2290 754 2372 ipsis
785 2290 948 2353 militibus
980 2259 1127 2365 urbanis,
1161 2290 1285 2372 quibus
1314 2290 1379 2353 hoc
1411 2301 1520 2357 certe

309 2417 428 2473 notum
460 2409 569 2484 luerit,
602 2429 712 2491 equa
736 2410 911 2491 provincia
934 2411 967 2472 in
993 2409 1126 2472 Italiam
1150 2410 1298 2473 venisset
1322 2409 1447 2486 Galba,
1478 2422 1520 2476 et

309 2550 396 2612 quae
428 2531 458 2592 ei
490 2529 608 2592 fuisset
632 2530 851 2611 pervadenda
875 2527 1071 2611 provincia?
1095 2529 1213 2610 Atque
1237 2530 1310 2612 ipsa
1333 2549 1404 2592 vox
1422 2543 1519 2612 pro-

307 2651 417 2713 vincia
447 2650 529 2731 quid
554 2649 658 2738 habet
683 2650 775 2730 quod
800 2649 1021 2711 vehementer
1044 2649 1175 2712 animos
1200 2648 1343 2712 militum
1368 2669 1521 2732 permo-

309 2767 408 2832 veat?
430 2768 533 2843 Nihil,
555 2777 591 2831 ut
612 2769 743 2850 opinor.
767 2767 835 2832 Sed
854 2769 1071 2850 inspiciamus
1083 2768 1220 2850 longam
1234 2768 1324 2832 illam
1337 2769 1519 2834 scelerum

308 2889 611 2962 enumerationem,
635 2907 722 2969 quae
747 2887 851 2950 hacce
876 2887 1123 2950 exclamatione
1148 2887 1331 2951 clauditur:
1356 2890 1401 2951 de
1422 2890 1521 2954 clas·

307 3009 414 3071 siariis
438 3009 557 3088 agitur,
583 3027 727 3088 quorum
752 3014 885 3089 partem
910 3004 1019 3069 Galba
1042 3007 1235 3082 trucidavit,
1259 3015 1391 3089 partem
1414 3009 1521 3073 deci-

309 3128 424 3202 mavit,
457 3128 500 3189 de
533 3126 680 3188 Fonteio
705 3125 882 3207 Capitone,
908 3124 1029 3190 Clodio
1055 3125 1182 3202 Macr0,
1208 3125 1424 3209 Nymphidio
1454 3149 1521 3194 oc·

309 3249 385 3310 cisis
420 3254 454 3308 et
488 3245 694 3326 quibusdam
728 3244 812 3320 aliis,
847 3247 907 3309 sed
939 3245 1108 3326 plerisque
1140 3245 1315 3327 copiarum
1348 3244 1519 3312 ducibus.

310 3367 412 3448 Ergo,
432 3365 460 3427 si
484 3365 552 3426 duo
576 3364 684 3426 triave
708 3364 846 3428 nomina
870 3363 1069 3445 excipimus,
1093 3371 1168 3426 tota
1190 3365 1254 3426 ista
1278 3362 1408 3426 Galbae
1433 3384 1522 3430 cru·

308 3485 431 3550 delitas
451 3485 494 3548 ad
519 3483 608 3547 solos
629 3483 752 3546 milites
772 3491 807 3546 et
826 3483 868 3546 ad
891 3483 991 3558 vitoe,
1012 3483 1069 3565 qui
1092 3483 1254 3545 militibus
1274 3482 1520 3565 praefuerunt,

309 3607 482 3691 pertinuit.
515 3605 571 3680 Et,
604 3612 641 3666 ut
671 3603 802 3686 opinor,
834 3602 966 3664 etiamsi
999 3609 1175 3684 praeterea
1197 3601 1231 3664 in
1256 3609 1393 3684 togatos
1417 3602 1520 3668 iner-

310 3747 449 3809 mesque
472 3724 697 3810 provinciales
720 3723 895 3786 saeviisset
920 3721 1038 3796 Galba,
1063 3730 1178 3786 tamen
1201 3721 1244 3784 de
1268 3721 1320 3784 his
1339 3724 1519 3790 tacuisset

308 3845 403 3911 Otho
422 3853 457 3908 et
476 3853 612 3928 sagatos
631 3842 878 3927 paludatosque
899 3850 1199 3905 commemorasset
1218 3840 1318 3918 solos,
1339 3843 1399 3923 qui
1412 3863 1518 3910 novo

309 3967 504 4049 imperatori
540 3965 699 4027 victimae
739 3963 950 4027 cecidissent.
992 3960 1132 4026 Ceteros
1166 3960 1257 4024 haud
1294 3981 1519 4045 magnopere

309 4085 513 4167 praetoriani
538 4091 634 4146 erant
658 4083 815 4146 curaturi.
847 4082 937 4165 Ergo
962 4089 998 4145 ut
1023 4081 1116 4146 Otho
1141 4082 1232 4145 dicat
1255 4080 1382 4163 aliquid
1409 4089 1516 4165 quod

308 4213 397 4268 terse
419 4202 631 4266 enuntiatum
652 4201 705 4276 sit,
727 4202 818 4283 quod
839 4221 859 4264 a
876 4201 1019 4264 veritate
1040 4221 1108 4264 non
1129 4201 1229 4264 nimis
1247 4201 1396 4276 recedat,
1410 4207 1515 4284 quod

314 4368 377 4375 —-
388 4364 508 4373 —--——

348 4459 423 4524 1)ln
443 4456 533 4506 codice
552 4463 606 4506 est:
628 4469 712 4520 „quae
732 4471 842 4522 usquam
861 4457 997 4520 provincia
1016 4455 1129 4520 quaein
1148 4453 1238 4504 castris
1257 4451 1344 4502 sunt.”
