3228 5236
905 472 969 535 204

339 637 558 719 significavit:
592 658 668 700 nam
701 637 792 719 vulgi
821 637 911 700 illam
935 637 1132 719 opinionem
1157 635 1290 698 efficere
1316 643 1361 709 ut,
1386 635 1538 715 quoties·

238 811 241 817 r
340 777 474 839 cunque
510 765 661 819 cometes
692 758 735 818 sit
766 765 933 839 aspectus
965 757 993 818 is
1025 756 1083 837 qui
1116 764 1196 817 tunc
1228 755 1407 836 imperium
1441 763 1539 816 tenet

340 897 444 940 unum
469 877 681 957 alterumque
705 877 814 939 virum
839 877 1003 970 nobilem,
1028 895 1129 957 quem
1156 895 1236 957 prae
1260 875 1380 937 ceteris
1406 875 1539 948 metuit,

340 997 383 1059 de
405 997 519 1059 medio
539 995 647 1071 tollat,
668 1005 791 1079 sponte
811 996 1020 1078 intelligitur.
1046 993 1114 1059 Sed
1128 970 1402 1057 observationem
1416 993 1541 1056 Tacito

339 1116 570 1198 dignissimam
607 1117 767 1198 corrupit,
802 1117 858 1197 qui
897 1117 1024 1198 primus
1055 1114 1312 1178 annotationem
1343 1113 1475 1176 Neroni
1506 1113 1541 1176 in

340 1243 474 1298 textum
499 1238 639 1316 recepit.

382 1354 426 1418 A.
463 1354 559 1428 XVI,
601 1371 647 1437 17.
684 1352 824 1418 Serione
859 1355 1036 1416 credamus
1067 1353 1107 1416 iis
1137 1353 1332 1415 hominibus
1363 1352 1540 1434 scripsisse

340 1473 506 1547 Tacitum,
543 1474 601 1554 qui
637 1474 806 1536 nescirent
841 1474 922 1555 quid
955 1482 1043 1536 esset
1067 1484 1324 1555 procuratorem
1356 1471 1449 1534 esse?
1487 1472 1540 1534 At

339 1595 504 1658 eiusmodi
539 1595 603 1656 sibi
639 1593 783 1656 lectores
818 1593 916 1656 finxit
951 1593 1203 1675 grammaticus,
1239 1593 1297 1674 qui
1332 1593 1375 1654 ad
1412 1593 1538 1655 verba:

343 1713 454 1795 „Mela
563 1714 793 1795 adquirendae
825 1713 990 1795 pecuniae
1021 1712 1157 1775 brevius
1190 1713 1253 1775 iter
1284 1713 1448 1775 credebat
1476 1733 1538 1794 per

341 1832 618 1916 procurationes'’
638 1835 833 1896 annotavit:
859 1833 1155 1912 „administrandis
1175 1831 1336 1914 principis
1357 1830 1538 1913 negotiis,’'

340 1974 428 2034 quae
453 1955 557 2017 verba
582 1974 671 2016 nunc
694 1955 883 2018 orationem
908 1952 1083 2016 Taciteam
1109 1953 1341 2035 pessumdant.

385 2073 439 2134 Ex
464 2073 629 2137 Historiis
652 2073 736 2135 haec
761 2073 975 2155 potissimum
1000 2071 1136 2154 profero
1160 2070 1335 2152 exempla:

385 2192 429 2254 H.
463 2191 488 2266 l,
523 2208 574 2274 23.
600 2193 652 2254 De
677 2190 824 2256 Othonis
847 2193 881 2254 in
907 2191 1051 2256 Galbam
1076 2192 1309 2254 coniuratione
1335 2189 1466 2272 perfida
1490 2191 1538 2252 sic

337 2333 472 2375 narrare
496 2313 635 2375 Tacitus
659 2313 794 2395 incipit:

386 2432 473 2512 ,Sed
498 2433 633 2497 sceleris
657 2434 819 2515 cogitatio
844 2434 1009 2495 incertum
1031 2452 1073 2494 an
1095 2451 1233 2514 repens:
1255 2431 1367 2493 studia
1389 2429 1535 2492 militum

338 2554 404 2615 iam
429 2553 561 2634 pridem
585 2573 645 2634 spe
665 2553 887 2616 successionis
906 2561 965 2615 aut
986 2559 1105 2634 paratu
1126 2550 1282 2614 facinoris
1302 2549 1534 2623 affectaverat,

337 2672 371 2733 in
396 2672 527 2746 itinere,
552 2673 585 2734 in
611 2673 757 2754 agmine,
782 2673 815 2734 in
839 2671 1045 2735 stationibus
1072 2671 1336 2734 vetustissimum
1361 2690 1533 2751 quemque

338 2793 476 2855 nomine
497 2812 623 2855 vocans
642 2813 682 2855 ac
702 2793 866 2856 memoria
880 2792 1064 2855 Neroniani
1078 2793 1259 2854 comitatus
1271 2790 1535 2853 contubernales

337 2912 577 2996 appellando.”

384 3033 557 3095 Praeclare
576 3033 751 3096 enuntiata
770 3033 854 3095 haec
866 3042 960 3109 sunt;
974 3033 1035 3095 sed
1049 3033 1091 3096 ad
1105 3032 1362 3096 vetustissimum
1376 3052 1534 3113 quemque

337 3151 517 3232 adscripsit
534 3152 654 3232 aliquis
673 3152 826 3226 militum,
847 3152 939 3233 quod
960 3153 1100 3214 nuncin
1120 3160 1216 3214 textu
1229 3151 1368 3233 legitur;
1384 3171 1534 3233 namque

337 3269 500 3332 hactenus
514 3290 556 3332 ne
577 3271 641 3333 hoc
663 3272 801 3352 quidem
822 3271 866 3332 ab
878 3270 946 3333 ullo
959 3272 1138 3333 doctorum
1152 3271 1300 3333 virorum
1313 3271 1533 3333 observatum

337 3390 482 3464 videtur,
506 3410 609 3471 quam
634 3392 718 3454 dura
743 3410 913 3472 quamque
938 3391 1055 3472 inepta
1079 3398 1167 3452 esset
1188 3389 1345 3471 repetitio
1366 3389 1400 3451 in
1422 3389 1533 3452 hisce:

340 3510 470 3590 ,studia
494 3511 636 3574 militum
740 3510 1005 3573 vetustissimum
1030 3529 1200 3593 quemque
1225 3507 1400 3573 militum.’'

382 3630 425 3692 H.
460 3629 485 3704 I,
513 3645 563 3710 52.
600 3628 690 3710 „Sub
715 3632 804 3712 ipsas
827 3630 1009 3712 superioris
1033 3631 1111 3692 anni
1136 3629 1299 3692 kalendas
1323 3628 1534 3691 Decembres

337 3749 446 3812 Aulus
479 3750 636 3813 Vitellius
659 3748 850 3813 inferiorem
876 3748 1092 3813 Germaniam
1118 3749 1294 3830 ingressus,
1320 3747 1463 3811 hiberna
1488 3749 1533 3811 le·

336 3869 475 3949 gionum
500 3890 576 3932 cum
602 3889 681 3932 cura
701 3870 841 3932 adierat.
875 3869 1013 3932 Redditi
1036 3869 1205 3951 plerisque
1226 3869 1372 3943 ordines,
1393 3871 1533 3932 remissa

336 3989 532 4069 ignominia,
553 3987 730 4051 adlevatae
753 3997 863 4062 notae,
886 3988 981 4070 plura
1002 3988 1199 4061 ambitione,
1214 3990 1381 4069 quaedam
1396 3989 1530 4063 iudicio,

335 4111 369 4172 in
395 4109 517 4191 quibus
541 4109 658 4170 sordes
678 4117 713 4170 et
733 4109 909 4172 avaritiam
932 4109 1055 4171 Fontei
1076 4107 1252 4190 Capitonis
1273 4109 1403 4189 integre
1425 4118 1531 4172 muta·

336 4226 464 4292 verat.”

375 4352 409 4357 ,,-
427 4346 546 4356 ,-,.,-.-

514 4395 547 4442 Et
566 4411 665 4443 summo
686 4396 811 4459 placitura
831 4397 897 4460 lovi,
920 4397 978 4460 quis
997 4397 1082 4446 letit'er
1101 4411 1194 4460 annus,

512 4481 585 4530 Bella
604 4483 699 4547 quibus
719 4483 833 4547 populis,
852 4499 917 4548 quae
936 4491 1038 4532 mutent
1056 4490 1157 4548 sceptra
1177 4489 1292 4530 cometae.
