<?xml version="1.0" encoding="UTF-8"?>
<!DOCTYPE html PUBLIC "-//W3C//DTD XHTML 1.0 Transitional//EN"
    "http://www.w3.org/TR/xhtml1/DTD/xhtml1-transitional.dtd">
<html xmlns="http://www.w3.org/1999/xhtml" xml:lang="en" lang="en">
 <head>
  <title>
</title>
<meta http-equiv="Content-Type" content="text/html;charset=utf-8" />
  <meta name='ocr-system' content='tesseract 3.04.00' />
  <meta name='ocr-capabilities' content='ocr_page ocr_carea ocr_par ocr_line ocrx_word'/>
</head>
<body>
  <div class='ocr_page' id='page_1' title='image "./analectatacitea01hartgoog_0183.png"; bbox 0 0 3228 5236; ppageno 0'>
   <div class='ocr_carea' id='block_1_1' title="bbox 886 424 945 490">
    <p class='ocr_par' dir='ltr' id='par_1_1' title="bbox 886 424 945 490">
     <span class='ocr_line' id='line_1_1' title="bbox 886 424 945 490; baseline -0.017 -20"><span class='ocrx_word' id='word_1_1' title='bbox 886 424 945 490; x_wconf 87' lang='lat'>172</span> 
     </span>
    </p>
   </div>
   <div class='ocr_carea' id='block_1_2' title="bbox 318 569 1508 802">
    <p class='ocr_par' dir='ltr' id='par_1_2' title="bbox 318 569 1508 802">
     <span class='ocr_line' id='line_1_2' title="bbox 362 569 1504 671; baseline 0.005 -24"><span class='ocrx_word' id='word_1_2' title='bbox 362 585 405 648; x_wconf 83' lang='lat' dir='ltr'>A.</span> <span class='ocrx_word' id='word_1_3' title='bbox 431 586 491 660; x_wconf 88' lang='lat' dir='ltr'>IV,</span> <span class='ocrx_word' id='word_1_4' title='bbox 523 603 570 648; x_wconf 86' lang='lat'>12.</span> <span class='ocrx_word' id='word_1_5' title='bbox 603 587 641 648; x_wconf 91' lang='lat' dir='ltr'>ln</span> <span class='ocrx_word' id='word_1_6' title='bbox 674 586 789 651; x_wconf 86' lang='lat' dir='ltr'>sunere</span> <span class='ocrx_word' id='word_1_7' title='bbox 822 589 921 651; x_wconf 89' lang='lat' dir='ltr'>Drusi</span> <span class='ocrx_word' id='word_1_8' title='bbox 954 589 1100 671; x_wconf 91' lang='lat' dir='ltr'>populus</span> <span class='ocrx_word' id='word_1_9' title='bbox 1130 589 1290 670; x_wconf 87' lang='lat' dir='ltr'>gaudium</span> <span class='ocrx_word' id='word_1_10' title='bbox 1320 569 1504 653; x_wconf 25' lang='lat' dir='ltr'>suum&#39;vix</span> 
     </span>
     <span class='ocr_line' id='line_1_3' title="bbox 318 705 1508 802; baseline 0.003 -34"><span class='ocrx_word' id='word_1_11' title='bbox 318 705 552 769; x_wconf 86' lang='lat' dir='ltr'>dissimulabat</span> <span class='ocrx_word' id='word_1_12' title='bbox 584 708 676 789; x_wconf 91' lang='lat' dir='ltr'>quod</span> <span class='ocrx_word' id='word_1_13' title='bbox 708 708 794 770; x_wconf 91' lang='lat' dir='ltr'>illius</span> <span class='ocrx_word' id='word_1_14' title='bbox 826 708 956 802; x_wconf 74' lang='lat' dir='ltr'>iuvenis</span> <span class='ocrx_word' id='word_1_15' title='bbox 989 717 1097 770; x_wconf 90' lang='lat' dir='ltr'>morte</span> <span class='ocrx_word' id='word_1_16' title='bbox 1129 728 1207 790; x_wconf 91' lang='lat' dir='ltr'>spes</span> <span class='ocrx_word' id='word_1_17' title='bbox 1238 717 1326 771; x_wconf 89' lang='lat' dir='ltr'>esset</span> <span class='ocrx_word' id='word_1_18' title='bbox 1350 717 1508 772; x_wconf 90' lang='lat' dir='ltr'>renatae</span> 
     </span>
    </p>
   </div>
   <div class='ocr_carea' id='block_1_3' title="bbox 319 825 1509 911">
    <p class='ocr_par' dir='ltr' id='par_1_3' title="bbox 319 825 1509 911">
     <span class='ocr_line' id='line_1_4' title="bbox 319 825 1509 911; baseline 0.003 -23"><span class='ocrx_word' id='word_1_19' title='bbox 319 825 511 888; x_wconf 89' lang='lat' dir='ltr'>Germanici</span> <span class='ocrx_word' id='word_1_20' title='bbox 544 825 656 888; x_wconf 90' lang='lat' dir='ltr'>liberis</span> <span class='ocrx_word' id='word_1_21' title='bbox 688 827 836 908; x_wconf 85' lang='lat' dir='ltr'>aliquem</span> <span class='ocrx_word' id='word_1_22' title='bbox 869 827 938 890; x_wconf 88' lang='lat' dir='ltr'>lore</span> <span class='ocrx_word' id='word_1_23' title='bbox 964 829 1216 910; x_wconf 86' lang='lat' dir='ltr'>imperatorem.</span> <span class='ocrx_word' id='word_1_24' title='bbox 1242 827 1318 890; x_wconf 90' lang='lat' dir='ltr'>Hoc</span> <span class='ocrx_word' id='word_1_25' title='bbox 1342 829 1451 911; x_wconf 89' lang='lat' dir='ltr'>ipsum</span> <span class='ocrx_word' id='word_1_26' title='bbox 1473 837 1509 891; x_wconf 89' lang='lat' dir='ltr'>et</span> 
     </span>
    </p>
   </div>
   <div class='ocr_carea' id='block_1_4' title="bbox 314 943 1534 3528">
    <p class='ocr_par' dir='ltr' id='par_1_4' title="bbox 317 943 1097 1027">
     <span class='ocr_line' id='line_1_5' title="bbox 317 943 1097 1027; baseline 0.001 -21"><span class='ocrx_word' id='word_1_27' title='bbox 317 943 382 1006; x_wconf 91' lang='lat' dir='ltr'>illis</span> <span class='ocrx_word' id='word_1_28' title='bbox 406 951 440 1006; x_wconf 93' lang='lat' dir='ltr'>et</span> <span class='ocrx_word' id='word_1_29' title='bbox 465 945 563 1006; x_wconf 90' lang='lat' dir='ltr'>matri</span> <span class='ocrx_word' id='word_1_30' title='bbox 588 943 800 1027; x_wconf 84' lang='lat' dir='ltr'>Agrippinae</span> <span class='ocrx_word' id='word_1_31' title='bbox 825 945 994 1009; x_wconf 82' lang='lat' dir='ltr'>funestum</span> <span class='ocrx_word' id='word_1_32' title='bbox 1020 945 1097 1008; x_wconf 87' lang='lat' dir='ltr'>luit:</span> 
     </span>
    </p>

    <p class='ocr_par' dir='ltr' id='par_1_5' title="bbox 317 1062 1534 1502">
     <span class='ocr_line' id='line_1_6' title="bbox 368 1062 1513 1142; baseline 0.005 -18"><span class='ocrx_word' id='word_1_33' title='bbox 368 1062 475 1142; x_wconf 81' lang='lat' dir='ltr'>„Nam</span> <span class='ocrx_word' id='word_1_34' title='bbox 509 1062 659 1139; x_wconf 90' lang='lat' dir='ltr'>Seianus,</span> <span class='ocrx_word' id='word_1_35' title='bbox 691 1065 748 1127; x_wconf 94' lang='lat' dir='ltr'>ubi</span> <span class='ocrx_word' id='word_1_36' title='bbox 775 1064 870 1128; x_wconf 87' lang='lat' dir='ltr'>videt</span> <span class='ocrx_word' id='word_1_37' title='bbox 896 1073 1040 1128; x_wconf 91' lang='lat' dir='ltr'>mortem</span> <span class='ocrx_word' id='word_1_38' title='bbox 1066 1066 1165 1128; x_wconf 90' lang='lat' dir='ltr'>Drusi</span> <span class='ocrx_word' id='word_1_39' title='bbox 1192 1065 1333 1129; x_wconf 89' lang='lat' dir='ltr'>inultam</span> <span class='ocrx_word' id='word_1_40' title='bbox 1358 1066 1513 1130; x_wconf 85' lang='lat' dir='ltr'>interlec-</span> 
     </span>
     <span class='ocr_line' id='line_1_7' title="bbox 318 1181 1513 1267; baseline 0.003 -22"><span class='ocrx_word' id='word_1_41' title='bbox 318 1181 459 1257; x_wconf 89' lang='lat' dir='ltr'>toribus,</span> <span class='ocrx_word' id='word_1_42' title='bbox 490 1181 561 1244; x_wconf 92' lang='lat' dir='ltr'>sine</span> <span class='ocrx_word' id='word_1_43' title='bbox 593 1202 744 1246; x_wconf 86' lang='lat' dir='ltr'>maerore</span> <span class='ocrx_word' id='word_1_44' title='bbox 776 1183 914 1265; x_wconf 91' lang='lat' dir='ltr'>publico</span> <span class='ocrx_word' id='word_1_45' title='bbox 946 1204 1028 1258; x_wconf 91' lang='lat' dir='ltr'>esse,</span> <span class='ocrx_word' id='word_1_46' title='bbox 1062 1183 1157 1247; x_wconf 83' lang='lat' dir='ltr'>ferox</span> <span class='ocrx_word' id='word_1_47' title='bbox 1186 1184 1349 1247; x_wconf 88' lang='lat' dir='ltr'>scelerum</span> <span class='ocrx_word' id='word_1_48' title='bbox 1374 1193 1408 1248; x_wconf 91' lang='lat' dir='ltr'>et</span> <span class='ocrx_word' id='word_1_49' title='bbox 1432 1187 1513 1267; x_wconf 90' lang='lat' dir='ltr'>quia</span> 
     </span>
     <span class='ocr_line' id='line_1_8' title="bbox 318 1302 1534 1385; baseline 0.004 -22"><span class='ocrx_word' id='word_1_50' title='bbox 318 1302 427 1384; x_wconf 92' lang='lat' dir='ltr'>prima</span> <span class='ocrx_word' id='word_1_51' title='bbox 450 1309 688 1383; x_wconf 86' lang='lat' dir='ltr'>provenerant,</span> <span class='ocrx_word' id='word_1_52' title='bbox 712 1303 865 1366; x_wconf 88' lang='lat' dir='ltr'>volutare</span> <span class='ocrx_word' id='word_1_53' title='bbox 888 1323 1002 1366; x_wconf 91' lang='lat' dir='ltr'>secum</span> <span class='ocrx_word' id='word_1_54' title='bbox 1023 1323 1172 1385; x_wconf 89' lang='lat' dir='ltr'>quonam</span> <span class='ocrx_word' id='word_1_55' title='bbox 1194 1305 1297 1367; x_wconf 91' lang='lat' dir='ltr'>modo</span> <span class='ocrx_word' id='word_1_56' title='bbox 1318 1304 1534 1374; x_wconf 90' lang='lat' dir='ltr'>Germanici</span> 
     </span>
     <span class='ocr_line' id='line_1_9' title="bbox 317 1420 1300 1502; baseline 0.001 -19"><span class='ocrx_word' id='word_1_57' title='bbox 317 1420 441 1484; x_wconf 90' lang='lat' dir='ltr'>liberos</span> <span class='ocrx_word' id='word_1_58' title='bbox 465 1427 685 1502; x_wconf 88' lang='lat' dir='ltr'>perverteret,</span> <span class='ocrx_word' id='word_1_59' title='bbox 710 1441 854 1502; x_wconf 88' lang='lat' dir='ltr'>quorum</span> <span class='ocrx_word' id='word_1_60' title='bbox 878 1442 946 1484; x_wconf 92' lang='lat' dir='ltr'>non</span> <span class='ocrx_word' id='word_1_61' title='bbox 972 1421 1076 1484; x_wconf 91' lang='lat' dir='ltr'>dubia</span> <span class='ocrx_word' id='word_1_62' title='bbox 1099 1420 1300 1485; x_wconf 87' lang='lat' dir='ltr'>successi0.’&#39;</span> 
     </span>
    </p>

    <p class='ocr_par' dir='ltr' id='par_1_6' title="bbox 314 1536 1518 3528">
     <span class='ocr_line' id='line_1_10' title="bbox 363 1536 1512 1624; baseline 0.003 -21"><span class='ocrx_word' id='word_1_63' title='bbox 363 1537 454 1604; x_wconf 87' lang='lat' dir='ltr'>Sana</span> <span class='ocrx_word' id='word_1_64' title='bbox 484 1539 568 1602; x_wconf 89' lang='lat' dir='ltr'>haec</span> <span class='ocrx_word' id='word_1_65' title='bbox 600 1560 673 1602; x_wconf 90' lang='lat' dir='ltr'>esse</span> <span class='ocrx_word' id='word_1_66' title='bbox 704 1548 894 1621; x_wconf 88' lang='lat' dir='ltr'>nequeunt:</span> <span class='ocrx_word' id='word_1_67' title='bbox 919 1543 1027 1624; x_wconf 82' lang='lat' dir='ltr'>ferox</span> <span class='ocrx_word' id='word_1_68' title='bbox 1057 1536 1163 1604; x_wconf 83' lang='lat' dir='ltr'>animi</span> <span class='ocrx_word' id='word_1_69' title='bbox 1192 1542 1273 1622; x_wconf 94' lang='lat' dir='ltr'>quid</span> <span class='ocrx_word' id='word_1_70' title='bbox 1302 1543 1346 1604; x_wconf 89' lang='lat' dir='ltr'>sit</span> <span class='ocrx_word' id='word_1_71' title='bbox 1371 1543 1448 1606; x_wconf 91' lang='lat' dir='ltr'>novi</span> <span class='ocrx_word' id='word_1_72' title='bbox 1473 1553 1512 1606; x_wconf 89' lang='lat' dir='ltr'>et</span> 
     </span>
     <span class='ocr_line' id='line_1_11' title="bbox 314 1658 1512 1743; baseline 0.003 -21"><span class='ocrx_word' id='word_1_73' title='bbox 314 1662 422 1743; x_wconf 82' lang='lat' dir='ltr'>ferox</span> <span class='ocrx_word' id='word_1_74' title='bbox 452 1658 585 1741; x_wconf 83' lang='lat' dir='ltr'>linguae</span> <span class='ocrx_word' id='word_1_75' title='bbox 607 1661 642 1721; x_wconf 85' lang='lat' dir='ltr'>et</span> <span class='ocrx_word' id='word_1_76' title='bbox 666 1658 797 1733; x_wconf 90' lang='lat' dir='ltr'>similia,</span> <span class='ocrx_word' id='word_1_77' title='bbox 820 1659 879 1721; x_wconf 92' lang='lat' dir='ltr'>sed</span> <span class='ocrx_word' id='word_1_78' title='bbox 904 1680 923 1722; x_wconf 91' lang='lat' dir='ltr'>e</span> <span class='ocrx_word' id='word_1_79' title='bbox 946 1659 1087 1722; x_wconf 91' lang='lat' dir='ltr'>vocibus</span> <span class='ocrx_word' id='word_1_80' title='bbox 1103 1662 1212 1743; x_wconf 80' lang='lat' dir='ltr'>ferox</span> <span class='ocrx_word' id='word_1_81' title='bbox 1234 1660 1392 1724; x_wconf 84' lang='lat' dir='ltr'>scelerum</span> <span class='ocrx_word' id='word_1_82' title='bbox 1418 1661 1512 1725; x_wconf 91' lang='lat' dir='ltr'>nullo</span> 
     </span>
     <span class='ocr_line' id='line_1_12' title="bbox 320 1778 1516 1862; baseline 0.001 -20"><span class='ocrx_word' id='word_1_83' title='bbox 320 1779 423 1842; x_wconf 93' lang='lat' dir='ltr'>modo</span> <span class='ocrx_word' id='word_1_84' title='bbox 454 1786 553 1860; x_wconf 91' lang='lat' dir='ltr'>aptus</span> <span class='ocrx_word' id='word_1_85' title='bbox 583 1778 725 1841; x_wconf 85' lang='lat' dir='ltr'>extundi</span> <span class='ocrx_word' id='word_1_86' title='bbox 757 1799 873 1844; x_wconf 89' lang='lat' dir='ltr'>sensus</span> <span class='ocrx_word' id='word_1_87' title='bbox 904 1779 1040 1861; x_wconf 91' lang='lat' dir='ltr'>poterit.</span> <span class='ocrx_word' id='word_1_88' title='bbox 1066 1779 1118 1841; x_wconf 91' lang='lat' dir='ltr'>Ne</span> <span class='ocrx_word' id='word_1_89' title='bbox 1142 1780 1169 1841; x_wconf 93' lang='lat' dir='ltr'>si</span> <span class='ocrx_word' id='word_1_90' title='bbox 1193 1781 1358 1842; x_wconf 91' lang='lat' dir='ltr'>sermonis</span> <span class='ocrx_word' id='word_1_91' title='bbox 1381 1780 1516 1862; x_wconf 90' lang='lat' dir='ltr'>legibus</span> 
     </span>
     <span class='ocr_line' id='line_1_13' title="bbox 319 1898 1516 1980; baseline 0.001 -19"><span class='ocrx_word' id='word_1_92' title='bbox 319 1900 388 1961; x_wconf 93' lang='lat' dir='ltr'>vim</span> <span class='ocrx_word' id='word_1_93' title='bbox 423 1898 564 1961; x_wconf 83' lang='lat' dir='ltr'>iacimus</span> <span class='ocrx_word' id='word_1_94' title='bbox 599 1899 781 1960; x_wconf 89' lang='lat' dir='ltr'>immanem</span> <span class='ocrx_word' id='word_1_95' title='bbox 815 1898 964 1979; x_wconf 93' lang='lat' dir='ltr'>quidem,</span> <span class='ocrx_word' id='word_1_96' title='bbox 1001 1898 1212 1980; x_wconf 91' lang='lat' dir='ltr'>dicimusque</span> <span class='ocrx_word' id='word_1_97' title='bbox 1246 1899 1368 1960; x_wconf 90' lang='lat' dir='ltr'>eodem</span> <span class='ocrx_word' id='word_1_98' title='bbox 1402 1900 1516 1962; x_wconf 88' lang='lat' dir='ltr'>redire</span> 
     </span>
     <span class='ocr_line' id='line_1_14' title="bbox 319 2016 1516 2102; baseline -0.001 -21"><span class='ocrx_word' id='word_1_99' title='bbox 319 2021 427 2102; x_wconf 82' lang='lat' dir='ltr'>ferox</span> <span class='ocrx_word' id='word_1_100' title='bbox 446 2019 602 2082; x_wconf 83' lang='lat' dir='ltr'>scelerum</span> <span class='ocrx_word' id='word_1_101' title='bbox 623 2026 657 2080; x_wconf 88' lang='lat' dir='ltr'>et</span> <span class='ocrx_word' id='word_1_102' title='bbox 670 2020 778 2101; x_wconf 82' lang='lat' dir='ltr'>ferox</span> <span class='ocrx_word' id='word_1_103' title='bbox 797 2018 979 2092; x_wconf 81' lang='lat' dir='ltr'>sceleribus,</span> <span class='ocrx_word' id='word_1_104' title='bbox 1002 2018 1188 2099; x_wconf 90' lang='lat' dir='ltr'>quidquam</span> <span class='ocrx_word' id='word_1_105' title='bbox 1209 2016 1413 2100; x_wconf 89' lang='lat' dir='ltr'>proficimus,</span> <span class='ocrx_word' id='word_1_106' title='bbox 1427 2038 1516 2099; x_wconf 91' lang='lat' dir='ltr'>quo-</span> 
     </span>
     <span class='ocr_line' id='line_1_15' title="bbox 319 2137 1517 2220; baseline 0 -20"><span class='ocrx_word' id='word_1_107' title='bbox 319 2138 411 2200; x_wconf 91' lang='lat' dir='ltr'>niam</span> <span class='ocrx_word' id='word_1_108' title='bbox 431 2137 536 2200; x_wconf 91' lang='lat' dir='ltr'>verba</span> <span class='ocrx_word' id='word_1_109' title='bbox 548 2140 656 2220; x_wconf 78' lang='lat' dir='ltr'>ferox</span> <span class='ocrx_word' id='word_1_110' title='bbox 671 2137 844 2200; x_wconf 83' lang='lat' dir='ltr'>sceleribus</span> <span class='ocrx_word' id='word_1_111' title='bbox 857 2138 1030 2200; x_wconf 92' lang='lat' dir='ltr'>hominem</span> <span class='ocrx_word' id='word_1_112' title='bbox 1044 2137 1223 2219; x_wconf 88' lang='lat' dir='ltr'>designant</span> <span class='ocrx_word' id='word_1_113' title='bbox 1236 2137 1317 2219; x_wconf 92' lang='lat' dir='ltr'>ipsis</span> <span class='ocrx_word' id='word_1_114' title='bbox 1329 2137 1517 2200; x_wconf 92' lang='lat' dir='ltr'>sceleribus</span> 
     </span>
     <span class='ocr_line' id='line_1_16' title="bbox 319 2255 1515 2338; baseline -0.002 -19"><span class='ocrx_word' id='word_1_115' title='bbox 319 2257 483 2320; x_wconf 88' lang='lat' dir='ltr'>audacem</span> <span class='ocrx_word' id='word_1_116' title='bbox 508 2255 633 2319; x_wconf 88' lang='lat' dir='ltr'>lactum</span> <span class='ocrx_word' id='word_1_117' title='bbox 659 2257 678 2318; x_wconf 91' lang='lat' dir='ltr'>i.</span> <span class='ocrx_word' id='word_1_118' title='bbox 692 2277 721 2319; x_wconf 90' lang='lat' dir='ltr'>e.</span> <span class='ocrx_word' id='word_1_119' title='bbox 745 2255 918 2319; x_wconf 91' lang='lat' dir='ltr'>hominem</span> <span class='ocrx_word' id='word_1_120' title='bbox 939 2257 996 2338; x_wconf 94' lang='lat' dir='ltr'>qui</span> <span class='ocrx_word' id='word_1_121' title='bbox 1017 2264 1157 2338; x_wconf 90' lang='lat' dir='ltr'>propter</span> <span class='ocrx_word' id='word_1_122' title='bbox 1176 2256 1325 2338; x_wconf 91' lang='lat' dir='ltr'>priorum</span> <span class='ocrx_word' id='word_1_123' title='bbox 1345 2255 1515 2318; x_wconf 90' lang='lat' dir='ltr'>scelerum</span> 
     </span>
     <span class='ocr_line' id='line_1_17' title="bbox 318 2374 1516 2456; baseline -0.003 -17"><span class='ocrx_word' id='word_1_124' title='bbox 318 2397 508 2440; x_wconf 88' lang='lat' dir='ltr'>successum</span> <span class='ocrx_word' id='word_1_125' title='bbox 534 2375 615 2439; x_wconf 91' lang='lat' dir='ltr'>nihil</span> <span class='ocrx_word' id='word_1_126' title='bbox 637 2377 703 2439; x_wconf 93' lang='lat' dir='ltr'>iam</span> <span class='ocrx_word' id='word_1_127' title='bbox 724 2374 935 2438; x_wconf 85' lang='lat' dir='ltr'>reformidat:</span> <span class='ocrx_word' id='word_1_128' title='bbox 957 2375 1050 2455; x_wconf 94' lang='lat' dir='ltr'>quod</span> <span class='ocrx_word' id='word_1_129' title='bbox 1070 2394 1205 2456; x_wconf 89' lang='lat' dir='ltr'>prorsus</span> <span class='ocrx_word' id='word_1_130' title='bbox 1225 2375 1316 2436; x_wconf 89' lang='lat' dir='ltr'>idem</span> <span class='ocrx_word' id='word_1_131' title='bbox 1336 2383 1388 2436; x_wconf 89' lang='lat' dir='ltr'>est</span> <span class='ocrx_word' id='word_1_132' title='bbox 1407 2383 1516 2456; x_wconf 91' lang='lat' dir='ltr'>atque</span> 
     </span>
     <span class='ocr_line' id='line_1_18' title="bbox 319 2493 1516 2579; baseline -0.004 -19"><span class='ocrx_word' id='word_1_133' title='bbox 319 2497 400 2561; x_wconf 92' lang='lat' dir='ltr'>illud</span> <span class='ocrx_word' id='word_1_134' title='bbox 433 2497 525 2579; x_wconf 94' lang='lat' dir='ltr'>quod</span> <span class='ocrx_word' id='word_1_135' title='bbox 557 2497 719 2558; x_wconf 91' lang='lat' dir='ltr'>continuo</span> <span class='ocrx_word' id='word_1_136' title='bbox 750 2496 917 2576; x_wconf 91' lang='lat' dir='ltr'>sequitur:</span> <span class='ocrx_word' id='word_1_137' title='bbox 949 2495 1028 2576; x_wconf 88' lang='lat' dir='ltr'>quia</span> <span class='ocrx_word' id='word_1_138' title='bbox 1053 2495 1171 2576; x_wconf 84' lang='lat' dir='ltr'>prima</span> <span class='ocrx_word' id='word_1_139' title='bbox 1196 2504 1431 2576; x_wconf 83' lang='lat' dir='ltr'>provenerant.</span> <span class='ocrx_word' id='word_1_140' title='bbox 1458 2493 1516 2555; x_wconf 87' lang='lat' dir='ltr'>At</span> 
     </span>
     <span class='ocr_line' id='line_1_19' title="bbox 319 2613 1516 2695; baseline -0.004 -16"><span class='ocrx_word' id='word_1_141' title='bbox 319 2637 386 2680; x_wconf 94' lang='lat' dir='ltr'>non</span> <span class='ocrx_word' id='word_1_142' title='bbox 420 2636 485 2678; x_wconf 94' lang='lat' dir='ltr'>una</span> <span class='ocrx_word' id='word_1_143' title='bbox 516 2617 575 2678; x_wconf 90' lang='lat' dir='ltr'>sed</span> <span class='ocrx_word' id='word_1_144' title='bbox 608 2616 694 2679; x_wconf 92' lang='lat' dir='ltr'>duae</span> <span class='ocrx_word' id='word_1_145' title='bbox 725 2635 846 2678; x_wconf 87' lang='lat' dir='ltr'>causae</span> <span class='ocrx_word' id='word_1_146' title='bbox 870 2615 923 2677; x_wconf 94' lang='lat' dir='ltr'>hic</span> <span class='ocrx_word' id='word_1_147' title='bbox 948 2614 1142 2690; x_wconf 84' lang='lat' dir='ltr'>afferuntur,</span> <span class='ocrx_word' id='word_1_148' title='bbox 1167 2614 1290 2695; x_wconf 90' lang='lat' dir='ltr'>quibus</span> <span class='ocrx_word' id='word_1_149' title='bbox 1313 2613 1356 2676; x_wconf 94' lang='lat' dir='ltr'>ad</span> <span class='ocrx_word' id='word_1_150' title='bbox 1381 2633 1516 2675; x_wconf 88' lang='lat' dir='ltr'>novum</span> 
     </span>
     <span class='ocr_line' id='line_1_20' title="bbox 318 2732 1517 2799; baseline -0.003 -1"><span class='ocrx_word' id='word_1_151' title='bbox 318 2735 446 2799; x_wconf 87' lang='lat' dir='ltr'>lacinus</span> <span class='ocrx_word' id='word_1_152' title='bbox 480 2736 648 2798; x_wconf 91' lang='lat' dir='ltr'>adductus</span> <span class='ocrx_word' id='word_1_153' title='bbox 681 2735 725 2797; x_wconf 91' lang='lat' dir='ltr'>sit</span> <span class='ocrx_word' id='word_1_154' title='bbox 761 2732 911 2797; x_wconf 92' lang='lat' dir='ltr'>Seianus.</span> <span class='ocrx_word' id='word_1_155' title='bbox 948 2733 1020 2796; x_wconf 86' lang='lat' dir='ltr'>Eae</span> <span class='ocrx_word' id='word_1_156' title='bbox 1054 2742 1168 2796; x_wconf 91' lang='lat' dir='ltr'>autem</span> <span class='ocrx_word' id='word_1_157' title='bbox 1204 2741 1300 2796; x_wconf 91' lang='lat' dir='ltr'>sunt:</span> <span class='ocrx_word' id='word_1_158' title='bbox 1337 2750 1517 2794; x_wconf 89' lang='lat' dir='ltr'>successus</span> 
     </span>
     <span class='ocr_line' id='line_1_21' title="bbox 318 2850 1517 2937; baseline -0.003 -20"><span class='ocrx_word' id='word_1_159' title='bbox 318 2857 467 2937; x_wconf 92' lang='lat' dir='ltr'>priorum</span> <span class='ocrx_word' id='word_1_160' title='bbox 499 2853 663 2917; x_wconf 89' lang='lat' dir='ltr'>scelerum</span> <span class='ocrx_word' id='word_1_161' title='bbox 695 2862 728 2915; x_wconf 91' lang='lat' dir='ltr'>et</span> <span class='ocrx_word' id='word_1_162' title='bbox 849 2853 930 2933; x_wconf 93' lang='lat' dir='ltr'>quid</span> <span class='ocrx_word' id='word_1_163' title='bbox 956 2850 1076 2933; x_wconf 89' lang='lat' dir='ltr'>putas?</span> <span class='ocrx_word' id='word_1_164' title='bbox 1100 2852 1218 2934; x_wconf 91' lang='lat' dir='ltr'>Ipsius,</span> <span class='ocrx_word' id='word_1_165' title='bbox 1244 2859 1280 2914; x_wconf 92' lang='lat' dir='ltr'>ut</span> <span class='ocrx_word' id='word_1_166' title='bbox 1305 2851 1436 2933; x_wconf 89' lang='lat' dir='ltr'>opinor,</span> <span class='ocrx_word' id='word_1_167' title='bbox 1463 2852 1517 2913; x_wconf 94' lang='lat' dir='ltr'>in-</span> 
     </span>
     <span class='ocr_line' id='line_1_22' title="bbox 317 2968 1518 3056; baseline -0.003 -20"><span class='ocrx_word' id='word_1_168' title='bbox 317 2975 472 3056; x_wconf 89' lang='lat' dir='ltr'>genium:</span> <span class='ocrx_word' id='word_1_169' title='bbox 505 2973 602 3036; x_wconf 89' lang='lat' dir='ltr'>huius</span> <span class='ocrx_word' id='word_1_170' title='bbox 634 2973 750 3054; x_wconf 91' lang='lat' dir='ltr'>utique</span> <span class='ocrx_word' id='word_1_171' title='bbox 782 2970 936 3034; x_wconf 83' lang='lat' dir='ltr'>iacienda</span> <span class='ocrx_word' id='word_1_172' title='bbox 963 2970 1017 3033; x_wconf 88' lang='lat' dir='ltr'>hic</span> <span class='ocrx_word' id='word_1_173' title='bbox 1042 2971 1180 3046; x_wconf 89' lang='lat' dir='ltr'>menti0,</span> <span class='ocrx_word' id='word_1_174' title='bbox 1206 2970 1290 3033; x_wconf 90' lang='lat' dir='ltr'>haec</span> <span class='ocrx_word' id='word_1_175' title='bbox 1314 2968 1386 3032; x_wconf 92' lang='lat' dir='ltr'>sola</span> <span class='ocrx_word' id='word_1_176' title='bbox 1409 2990 1518 3032; x_wconf 90' lang='lat' dir='ltr'>causa</span> 
     </span>
     <span class='ocr_line' id='line_1_23' title="bbox 317 3088 1518 3170; baseline -0.004 -15"><span class='ocrx_word' id='word_1_177' title='bbox 317 3113 394 3155; x_wconf 91' lang='lat' dir='ltr'>cum</span> <span class='ocrx_word' id='word_1_178' title='bbox 426 3091 532 3154; x_wconf 90' lang='lat' dir='ltr'>altera</span> <span class='ocrx_word' id='word_1_179' title='bbox 563 3089 620 3152; x_wconf 92' lang='lat' dir='ltr'>illa</span> <span class='ocrx_word' id='word_1_180' title='bbox 643 3097 735 3153; x_wconf 90' lang='lat' dir='ltr'>recte</span> <span class='ocrx_word' id='word_1_181' title='bbox 759 3089 850 3170; x_wconf 89' lang='lat' dir='ltr'>iungi</span> <span class='ocrx_word' id='word_1_182' title='bbox 875 3096 999 3170; x_wconf 88' lang='lat' dir='ltr'>potest.</span> <span class='ocrx_word' id='word_1_183' title='bbox 1025 3088 1236 3151; x_wconf 89' lang='lat' dir='ltr'>Habebimus</span> <span class='ocrx_word' id='word_1_184' title='bbox 1260 3088 1334 3163; x_wconf 91' lang='lat' dir='ltr'>hoc,</span> <span class='ocrx_word' id='word_1_185' title='bbox 1359 3089 1386 3150; x_wconf 92' lang='lat' dir='ltr'>si</span> <span class='ocrx_word' id='word_1_186' title='bbox 1411 3088 1518 3150; x_wconf 89' lang='lat' dir='ltr'>lenis·</span> 
     </span>
     <span class='ocr_line' id='line_1_24' title="bbox 317 3207 1516 3308; baseline -0.003 -35"><span class='ocrx_word' id='word_1_187' title='bbox 317 3211 402 3274; x_wconf 89' lang='lat' dir='ltr'>sima</span> <span class='ocrx_word' id='word_1_188' title='bbox 426 3209 664 3308; x_wconf 76' lang='lat' dir='ltr'>emendatione</span> <span class='ocrx_word' id='word_1_189' title='bbox 686 3229 747 3292; x_wconf 91' lang='lat' dir='ltr'>pro</span> <span class='ocrx_word' id='word_1_190' title='bbox 760 3211 868 3292; x_wconf 79' lang='lat' dir='ltr'>ferox</span> <span class='ocrx_word' id='word_1_191' title='bbox 889 3208 1068 3289; x_wconf 82' lang='lat' dir='ltr'>legerimus</span> <span class='ocrx_word' id='word_1_192' title='bbox 1081 3209 1208 3290; x_wconf 81' lang='lat' dir='ltr'>serax;</span> <span class='ocrx_word' id='word_1_193' title='bbox 1230 3207 1394 3278; x_wconf 85' lang='lat' dir='ltr'>scelerum</span> <span class='ocrx_word' id='word_1_194' title='bbox 1415 3207 1516 3270; x_wconf 79' lang='lat' dir='ltr'>ferax</span> 
     </span>
     <span class='ocr_line' id='line_1_25' title="bbox 318 3325 1516 3411; baseline -0.003 -20"><span class='ocrx_word' id='word_1_195' title='bbox 318 3337 390 3391; x_wconf 90' lang='lat' dir='ltr'>erat</span> <span class='ocrx_word' id='word_1_196' title='bbox 414 3327 566 3402; x_wconf 87' lang='lat' dir='ltr'>Seianus,</span> <span class='ocrx_word' id='word_1_197' title='bbox 591 3328 778 3411; x_wconf 88' lang='lat' dir='ltr'>comparari</span> <span class='ocrx_word' id='word_1_198' title='bbox 804 3334 940 3408; x_wconf 91' lang='lat' dir='ltr'>poterat</span> <span class='ocrx_word' id='word_1_199' title='bbox 959 3346 1036 3389; x_wconf 93' lang='lat' dir='ltr'>cum</span> <span class='ocrx_word' id='word_1_200' title='bbox 1056 3346 1149 3407; x_wconf 92' lang='lat' dir='ltr'>agro,</span> <span class='ocrx_word' id='word_1_201' title='bbox 1170 3327 1203 3389; x_wconf 93' lang='lat' dir='ltr'>in</span> <span class='ocrx_word' id='word_1_202' title='bbox 1224 3346 1293 3407; x_wconf 94' lang='lat' dir='ltr'>quo</span> <span class='ocrx_word' id='word_1_203' title='bbox 1313 3346 1414 3389; x_wconf 90' lang='lat' dir='ltr'>omne</span> <span class='ocrx_word' id='word_1_204' title='bbox 1436 3325 1516 3389; x_wconf 88' lang='lat' dir='ltr'>her-</span> 
     </span>
     <span class='ocr_line' id='line_1_26' title="bbox 320 3445 1147 3528; baseline -0.004 -18"><span class='ocrx_word' id='word_1_205' title='bbox 320 3448 438 3511; x_wconf 89' lang='lat' dir='ltr'>barum</span> <span class='ocrx_word' id='word_1_206' title='bbox 464 3447 658 3510; x_wconf 90' lang='lat' dir='ltr'>nocentium</span> <span class='ocrx_word' id='word_1_207' title='bbox 682 3466 788 3528; x_wconf 91' lang='lat' dir='ltr'>genus</span> <span class='ocrx_word' id='word_1_208' title='bbox 812 3454 935 3527; x_wconf 89' lang='lat' dir='ltr'>sponte</span> <span class='ocrx_word' id='word_1_209' title='bbox 959 3445 1147 3526; x_wconf 90' lang='lat' dir='ltr'>proveniat.</span> 
     </span>
    </p>
   </div>
   <div class='ocr_carea' id='block_1_5' title="bbox 318 3665 1514 4481">
    <p class='ocr_par' dir='ltr' id='par_1_7' title="bbox 318 3665 1514 4126">
     <span class='ocr_line' id='line_1_27' title="bbox 363 3665 1513 3768; baseline -0.003 -18"><span class='ocrx_word' id='word_1_210' title='bbox 363 3687 407 3750; x_wconf 90' lang='lat' dir='ltr'>A.</span> <span class='ocrx_word' id='word_1_211' title='bbox 439 3686 500 3762; x_wconf 87' lang='lat' dir='ltr'>IV,</span> <span class='ocrx_word' id='word_1_212' title='bbox 534 3700 585 3768; x_wconf 84' lang='lat'>35.</span> <span class='ocrx_word' id='word_1_213' title='bbox 618 3665 808 3750; x_wconf 83' lang='lat' dir='ltr'>Cremutius</span> <span class='ocrx_word' id='word_1_214' title='bbox 843 3684 982 3758; x_wconf 90' lang='lat' dir='ltr'>Cordus,</span> <span class='ocrx_word' id='word_1_215' title='bbox 1018 3693 1194 3747; x_wconf 90' lang='lat' dir='ltr'>accusatus</span> <span class='ocrx_word' id='word_1_216' title='bbox 1224 3685 1316 3766; x_wconf 93' lang='lat' dir='ltr'>quod</span> <span class='ocrx_word' id='word_1_217' title='bbox 1349 3683 1383 3746; x_wconf 93' lang='lat' dir='ltr'>in</span> <span class='ocrx_word' id='word_1_218' title='bbox 1416 3684 1513 3747; x_wconf 90' lang='lat' dir='ltr'>libris</span> 
     </span>
     <span class='ocr_line' id='line_1_28' title="bbox 318 3803 1513 3886; baseline -0.004 -17"><span class='ocrx_word' id='word_1_219' title='bbox 318 3808 385 3869; x_wconf 92' lang='lat' dir='ltr'>suis</span> <span class='ocrx_word' id='word_1_220' title='bbox 416 3807 555 3868; x_wconf 90' lang='lat' dir='ltr'>Brutum</span> <span class='ocrx_word' id='word_1_221' title='bbox 580 3804 800 3886; x_wconf 88' lang='lat' dir='ltr'>Cassiumque</span> <span class='ocrx_word' id='word_1_222' title='bbox 825 3804 1003 3878; x_wconf 87' lang='lat' dir='ltr'>laudasset,</span> <span class='ocrx_word' id='word_1_223' title='bbox 1029 3803 1133 3866; x_wconf 89' lang='lat' dir='ltr'>vitam</span> <span class='ocrx_word' id='word_1_224' title='bbox 1158 3803 1365 3865; x_wconf 88' lang='lat' dir='ltr'>abstinentia</span> <span class='ocrx_word' id='word_1_225' title='bbox 1389 3803 1513 3866; x_wconf 88' lang='lat' dir='ltr'>finivit.</span> 
     </span>
     <span class='ocr_line' id='line_1_29' title="bbox 319 3921 1514 3997; baseline -0.002 -11"><span class='ocrx_word' id='word_1_226' title='bbox 319 3924 441 3987; x_wconf 91' lang='lat' dir='ltr'>Libros</span> <span class='ocrx_word' id='word_1_227' title='bbox 471 3925 542 3986; x_wconf 88' lang='lat' dir='ltr'>eius</span> <span class='ocrx_word' id='word_1_228' title='bbox 565 3925 766 3988; x_wconf 88' lang='lat' dir='ltr'>cremandos</span> <span class='ocrx_word' id='word_1_229' title='bbox 790 3931 1009 3985; x_wconf 88' lang='lat' dir='ltr'>censuerunt:</span> <span class='ocrx_word' id='word_1_230' title='bbox 1035 3921 1165 3997; x_wconf 84' lang='lat' dir='ltr'>frustra,</span> <span class='ocrx_word' id='word_1_231' title='bbox 1191 3942 1268 3984; x_wconf 89' lang='lat' dir='ltr'>nam</span> <span class='ocrx_word' id='word_1_232' title='bbox 1293 3923 1395 3984; x_wconf 88' lang='lat' dir='ltr'>etiam</span> <span class='ocrx_word' id='word_1_233' title='bbox 1421 3941 1514 3984; x_wconf 93' lang='lat' dir='ltr'>nunc</span> 
     </span>
     <span class='ocr_line' id='line_1_30' title="bbox 318 4043 618 4126; baseline -0.003 -21"><span class='ocrx_word' id='word_1_234' title='bbox 318 4044 420 4126; x_wconf 87' lang='lat' dir='ltr'>vulgo</span> <span class='ocrx_word' id='word_1_235' title='bbox 445 4043 618 4124; x_wconf 87' lang='lat' dir='ltr'>leguntur:</span> 
     </span>
    </p>

    <p class='ocr_par' dir='ltr' id='par_1_8' title="bbox 318 4159 1514 4481">
     <span class='ocr_line' id='line_1_31' title="bbox 366 4159 1514 4244; baseline -0.003 -20"><span class='ocrx_word' id='word_1_236' title='bbox 366 4161 463 4244; x_wconf 81' lang='lat' dir='ltr'>„Quo</span> <span class='ocrx_word' id='word_1_237' title='bbox 492 4161 598 4242; x_wconf 87' lang='lat' dir='ltr'>magis</span> <span class='ocrx_word' id='word_1_238' title='bbox 620 4162 811 4225; x_wconf 88' lang='lat' dir='ltr'>socordiam</span> <span class='ocrx_word' id='word_1_239' title='bbox 835 4181 952 4224; x_wconf 88' lang='lat' dir='ltr'>eorum</span> <span class='ocrx_word' id='word_1_240' title='bbox 976 4160 1115 4223; x_wconf 89' lang='lat' dir='ltr'>irridere</span> <span class='ocrx_word' id='word_1_241' title='bbox 1138 4159 1232 4234; x_wconf 86' lang='lat' dir='ltr'>libet,</span> <span class='ocrx_word' id='word_1_242' title='bbox 1257 4159 1314 4240; x_wconf 94' lang='lat' dir='ltr'>qui</span> <span class='ocrx_word' id='word_1_243' title='bbox 1339 4159 1514 4240; x_wconf 89' lang='lat' dir='ltr'>praesenti</span> 
     </span>
     <span class='ocr_line' id='line_1_32' title="bbox 318 4279 1513 4364; baseline -0.005 -19"><span class='ocrx_word' id='word_1_244' title='bbox 318 4281 473 4364; x_wconf 90' lang='lat' dir='ltr'>potentia</span> <span class='ocrx_word' id='word_1_245' title='bbox 496 4280 639 4342; x_wconf 91' lang='lat' dir='ltr'>credunt</span> <span class='ocrx_word' id='word_1_246' title='bbox 663 4281 815 4362; x_wconf 88' lang='lat' dir='ltr'>extingui</span> <span class='ocrx_word' id='word_1_247' title='bbox 840 4301 939 4363; x_wconf 90' lang='lat' dir='ltr'>posse</span> <span class='ocrx_word' id='word_1_248' title='bbox 963 4281 1066 4343; x_wconf 86' lang='lat' dir='ltr'>etiam</span> <span class='ocrx_word' id='word_1_249' title='bbox 1091 4279 1264 4360; x_wconf 90' lang='lat' dir='ltr'>sequentis</span> <span class='ocrx_word' id='word_1_250' title='bbox 1286 4279 1361 4341; x_wconf 93' lang='lat' dir='ltr'>aevi</span> <span class='ocrx_word' id='word_1_251' title='bbox 1383 4297 1513 4340; x_wconf 88' lang='lat' dir='ltr'>memo-</span> 
     </span>
     <span class='ocr_line' id='line_1_33' title="bbox 318 4397 1512 4481; baseline -0.006 -18"><span class='ocrx_word' id='word_1_252' title='bbox 318 4403 412 4463; x_wconf 88' lang='lat' dir='ltr'>riam.</span> <span class='ocrx_word' id='word_1_253' title='bbox 456 4398 544 4460; x_wconf 92' lang='lat' dir='ltr'>Nam</span> <span class='ocrx_word' id='word_1_254' title='bbox 576 4408 692 4462; x_wconf 90' lang='lat' dir='ltr'>contra</span> <span class='ocrx_word' id='word_1_255' title='bbox 725 4400 851 4481; x_wconf 91' lang='lat' dir='ltr'>punitis</span> <span class='ocrx_word' id='word_1_256' title='bbox 874 4400 1017 4481; x_wconf 88' lang='lat' dir='ltr'>ingeniis</span> <span class='ocrx_word' id='word_1_257' title='bbox 1039 4399 1150 4480; x_wconf 90' lang='lat' dir='ltr'>gliscit</span> <span class='ocrx_word' id='word_1_258' title='bbox 1174 4397 1373 4472; x_wconf 87' lang='lat' dir='ltr'>auctoritas;</span> <span class='ocrx_word' id='word_1_259' title='bbox 1400 4416 1512 4476; x_wconf 91' lang='lat' dir='ltr'>neque</span> 
     </span>
    </p>
   </div>
   <div class='ocr_carea' id='block_1_6' title="bbox 0 0 1618 5236">
    <p class='ocr_par' dir='ltr' id='par_1_9' title="bbox 0 0 1618 5236">
     <span class='ocr_line' id='line_1_34' title="bbox 0 0 1618 5236; baseline 0 0"><span class='ocrx_word' id='word_1_260' title='bbox 0 0 1618 5236; x_wconf 95' lang='lat' dir='ltr'> </span> 
     </span>
    </p>
   </div>
  </div>
 </body>
</html>
