3228 5236
909 437 968 502 ¹9²

343 611 433 676 rent,
469 601 651 682 quominus
686 601 776 662 istud
810 600 1077 681 exploratoribus
1109 621 1128 662 e
1164 609 1261 664 textu
1295 601 1532 662 eximeremus.

387 721 431 783 H.
464 720 490 794 l,
524 737 576 802 27.
612 718 747 800 ,(0th0)
779 719 844 781 sub
865 719 987 782 aedem
1012 717 1147 782 Saturni
1172 719 1292 800 pergit.
1328 719 1379 780 lbi
1403 727 1473 780 tres
1496 726 1533 778 et

344 841 464 922 viginti
494 838 726 921 speculatores
756 839 1005 900 consalutatum
1035 840 1274 920 imperatorem
1298 858 1338 900 ac
1361 839 1535 920 paucitate

343 961 563 1024 salutantium
594 959 777 1041 trepidum,
802 959 904 1020 sellae
920 957 942 1038 ¹)
967 957 1166 1021 festinanter
1189 959 1383 1041 impositum
1407 959 1535 1020 strictis

344 1079 562 1143 mucronibus
593 1079 746 1160 rapiunt:
770 1079 917 1141 totidem
942 1077 1046 1140 ferme
1070 1078 1193 1140 milites
1215 1078 1250 1140 in
1273 1077 1394 1140 itinere
1414 1079 1537 1159 adgre-

343 1208 477 1283 gantur,
509 1198 565 1260 alii
595 1197 815 1272 conscientia,
847 1195 999 1279 plerique
1031 1196 1202 1270 miraculo,
1234 1217 1313 1279 pars
1335 1195 1483 1258 clamore
1507 1207 1540 1259 et

340 1319 479 1404 gladiis,
503 1337 582 1400 pars
604 1314 772 1380 silentio.”

390 1439 531 1502 Frustra
561 1436 773 1498 desudarunt
804 1434 923 1510 critici,
954 1436 1011 1515 qui
1044 1455 1107 1516 pro
1128 1446 1161 1498 et
1177 1435 1307 1518 gladiis
1328 1435 1536 1498 coniecerint

345 1570 378 1622 et
391 1558 531 1642 gaudiis
549 1554 604 1618 vel
623 1567 656 1619 et
668 1555 805 1639 gaudiia.
831 1554 894 1616 Est
913 1555 1004 1616 enim
1020 1553 1149 1637 gladiis
1167 1555 1344 1617 annotatio
1363 1554 1536 1636 adscripta

347 1677 515 1742 vocabulo
535 1675 751 1748 mucronibus,
772 1675 913 1756 quaein
933 1674 1077 1737 alienam
1096 1674 1268 1736 aberravit
1279 1675 1405 1748 sedem,
1419 1674 1536 1756 ibique

346 1796 586 1862 coniunctione
609 1807 641 1860 et
663 1793 947 1877 praecedentibus
971 1794 1084 1856 verbis
1106 1803 1160 1856 est
1182 1793 1402 1876 agglutinata.

393 1919 437 1981 H.
462 1917 523 1990 111,
553 1933 601 1998 19.
627 1915 689 1978 Per
708 1915 867 1976 tenebras
887 1914 997 1976 noctis
1017 1913 1135 1976 urbem
1155 1912 1358 1977 Cremonam
1378 1914 1538 1995 diripien-

348 2040 428 2102 dam
460 2057 533 2100 esse
565 2035 689 2098 milites
720 2035 860 2116 quidam
887 2055 932 2096 ex
956 2033 1121 2096 Flaviano
1143 2033 1293 2096 clamant
1316 2035 1478 2108 exercitu,
1504 2042 1539 2094 et

348 2157 422 2221 aliis
444 2157 495 2219 usi
518 2154 725 2237 argumentis
748 2161 784 2215 et
807 2153 890 2215 hoc:

398 2277 443 2356 ,si
475 2276 585 2338 lucem
617 2275 823 2357 operiantur,
855 2273 921 2334 iam
950 2292 1082 2354 pacem,
1106 2272 1172 2334 iam
1198 2293 1326 2354 preces,
1349 2281 1384 2334 et
1409 2293 1471 2355 pro
1495 2273 1541 2334 la·

351 2397 434 2460 bore
464 2416 504 2458 ac
536 2394 731 2458 vulneribus
761 2392 979 2456 elementiam
1010 2401 1046 2455 et
1076 2391 1230 2474 gloriam,
1255 2393 1377 2467 inania,
1401 2393 1540 2466 laturoS,

350 2517 410 2579 sed
442 2535 525 2598 opes
549 2513 829 2578 Cremonensium
853 2512 887 2574 in
910 2512 984 2575 sinu
1009 2510 1257 2593 praefectorum
1281 2511 1540 2593 legatorumque

350 2635 455 2700 fore.”

394 2753 505 2837 Quam
536 2753 671 2836 egregie
703 2751 795 2815 dicta
826 2749 910 2812 haec
940 2751 1025 2825 sint,
1057 2769 1159 2831 quam
1192 2749 1362 2833 praeclare
1394 2750 1540 2814 militum

349 2873 498 2937 referant
517 2881 678 2946 mentem,
701 2870 849 2953 praedae
865 2868 1066 2931 inhiantium
1080 2869 1290 2951 ducibusque
1303 2870 1540 2944 invidentium,

351 2992 378 3056 si
411 2992 486 3074 quis
509 2991 613 3054 semel
638 2989 790 3064 senserit,
816 3008 884 3051 non
908 2987 995 3050 ieret
1019 2987 1105 3050 ultra
1125 2989 1340 3052 adiacentem
1364 2988 1416 3052 his
1439 2991 1542 3053 insul-

351 3112 516 3174 sissimam
549 3108 739 3191 magistelli,
771 3106 840 3189 qui,
873 3115 910 3169 ut
934 3107 981 3170 ita
1005 3108 1127 3182 dicam,
1152 3108 1226 3191 ipso
1251 3109 1343 3172 vocis
1365 3129 1401 3172 se
1426 3111 1542 3192 prodit

354 3250 450 3304 sono,
468 3227 799 3292 annotatiunculam:
822 3234 1056 3309 ,expugnatae
1070 3226 1161 3289 urbis
1174 3229 1336 3310 praedam
1348 3229 1394 3291 ad
1407 3229 1542 3304 milites,

355 3349 492 3413 deditae
516 3349 559 3411 ad
583 3349 687 3411 duces
710 3344 901 3428 pertinere”
914 3344 950 3427 ²).

400 3467 444 3530 H.
470 3466 531 3530 IV.
557 3482 608 3528 22.
633 3464 749 3529 Civilis
772 3472 882 3527 castra
905 3464 1137 3528 Romanorum
1161 3474 1355 3549 oppugnat:

402 3584 526 3669 „Spem
547 3583 818 3667 obpugnantium
837 3583 984 3664 augebat
1000 3583 1190 3666 amplitudo
1203 3585 1291 3660 valli,
1305 3588 1398 3667 quod
1412 3588 1544 3651 duabus

354 3706 544 3790 legionibus
568 3705 669 3767 situm
694 3703 752 3766 vix
774 3703 924 3783 quinque
945 3701 1036 3765 milia
1055 3711 1261 3766 armatorum
1283 3701 1541 3794 [Romanorum]

354 3823 570 3890 tuebantur.”

401 3947 560 4029 Ineptum
592 3943 681 4006 istud
704 3942 929 4004 Romanorum
954 3959 1021 4002 non
1047 3947 1098 4002 est
1122 3941 1155 4003 in
1179 3943 1354 4006 codicibus
1381 3946 1545 4026 ,deterio-

399 4174 425 4242 1)
446 4177 516 4225 Ante
534 4174 611 4222 sellae
629 4173 656 4222 in
675 4174 766 4223 codice
784 4173 879 4238 legitur
893 4173 1044 4223 coniunctio
1058 4181 1092 4238 el,
1107 4189 1195 4240 quam,
1210 4183 1238 4226 ut
1254 4177 1333 4226 totius
1348 4177 1401 4228 loci
1417 4186 1545 4229 constaret

360 4262 436 4326 ratio,
455 4277 504 4326 ego
523 4259 615 4309 exemi.

396 4347 424 4412 2)
450 4348 517 4396 Rem
542 4343 703 4394 verissimam
727 4345 969 4410 apertissimamque
988 4346 1087 4409 primus
1105 4347 1250 4398 mortalium
1270 4351 1403 4415 perspexit
1423 4367 1447 4401 v.
1466 4352 1492 4400 d.
1511 4352 1543 4400 H.

364 4432 401 4480 Μ.
422 4429 550 4495 Leopold‚
568 4445 645 4494 quem
664 4438 725 4480 ante
744 4446 827 4495 pauco
858 4446 942 4482 annos
960 4431 1116 4497 discipulum
1135 4435 1214 4484 habui
1232 4436 1401 4487 cadesimum.
