<?xml version="1.0" encoding="UTF-8"?>
<!DOCTYPE html PUBLIC "-//W3C//DTD XHTML 1.0 Transitional//EN"
    "http://www.w3.org/TR/xhtml1/DTD/xhtml1-transitional.dtd">
<html xmlns="http://www.w3.org/1999/xhtml" xml:lang="en" lang="en">
 <head>
  <title>
</title>
<meta http-equiv="Content-Type" content="text/html;charset=utf-8" />
  <meta name='ocr-system' content='tesseract 3.04.00' />
  <meta name='ocr-capabilities' content='ocr_page ocr_carea ocr_par ocr_line ocrx_word'/>
</head>
<body>
  <div class='ocr_page' id='page_1' title='image "./analectatacitea01hartgoog_0101.png"; bbox 0 0 3266 5238; ppageno 0'>
   <div class='ocr_carea' id='block_1_1' title="bbox 929 429 974 494">
    <p class='ocr_par' dir='ltr' id='par_1_1' title="bbox 929 429 974 494">
     <span class='ocr_line' id='line_1_1' title="bbox 929 429 974 494; baseline 0 0"><span class='ocrx_word' id='word_1_1' title='bbox 929 429 974 494; x_wconf 89' lang='lat'><strong>90</strong></span> 
     </span>
    </p>
   </div>
   <div class='ocr_carea' id='block_1_2' title="bbox 357 592 1553 3305">
    <p class='ocr_par' dir='ltr' id='par_1_2' title="bbox 357 592 1544 915">
     <span class='ocr_line' id='line_1_2' title="bbox 405 592 1543 674; baseline -0.001 -19"><span class='ocrx_word' id='word_1_2' title='bbox 405 592 448 655; x_wconf 93' lang='lat' dir='ltr'><strong>H.</strong></span> <span class='ocrx_word' id='word_1_3' title='bbox 474 592 534 666; x_wconf 93' lang='lat' dir='ltr'><strong>III,</strong></span> <span class='ocrx_word' id='word_1_4' title='bbox 563 609 612 655; x_wconf 88' lang='lat'><strong>11.</strong></span> <span class='ocrx_word' id='word_1_5' title='bbox 645 592 829 674; x_wconf 90' lang='lat' dir='ltr'><strong>Postquam</strong></span> <span class='ocrx_word' id='word_1_6' title='bbox 860 594 1008 656; x_wconf 90' lang='lat' dir='ltr'><strong>narravit</strong></span> <span class='ocrx_word' id='word_1_7' title='bbox 1041 594 1083 655; x_wconf 89' lang='lat' dir='ltr'><strong>de</strong></span> <span class='ocrx_word' id='word_1_8' title='bbox 1112 592 1259 656; x_wconf 89' lang='lat' dir='ltr'><strong>tumultu</strong></span> <span class='ocrx_word' id='word_1_9' title='bbox 1290 593 1377 656; x_wconf 90' lang='lat' dir='ltr'><strong>inter</strong></span> <span class='ocrx_word' id='word_1_10' title='bbox 1408 592 1543 655; x_wconf 87' lang='lat' dir='ltr'><strong>Antonii</strong></span> 
     </span>
     <span class='ocr_line' id='line_1_3' title="bbox 359 711 1544 795; baseline 0 -21"><span class='ocrx_word' id='word_1_11' title='bbox 359 712 483 775; x_wconf 88' lang='lat' dir='ltr'><strong>milites</strong></span> <span class='ocrx_word' id='word_1_12' title='bbox 512 721 597 787; x_wconf 87' lang='lat' dir='ltr'><strong>orto,</strong></span> <span class='ocrx_word' id='word_1_13' title='bbox 629 713 739 794; x_wconf 90' lang='lat' dir='ltr'><strong>deque</strong></span> <span class='ocrx_word' id='word_1_14' title='bbox 763 712 886 794; x_wconf 90' lang='lat' dir='ltr'><strong>Tampi</strong></span> <span class='ocrx_word' id='word_1_15' title='bbox 911 711 1065 776; x_wconf 89' lang='lat' dir='ltr'><strong>Flaviani</strong></span> <span class='ocrx_word' id='word_1_16' title='bbox 1091 712 1252 795; x_wconf 90' lang='lat' dir='ltr'><strong>periculo,</strong></span> <span class='ocrx_word' id='word_1_17' title='bbox 1276 713 1329 774; x_wconf 90' lang='lat' dir='ltr'><strong>cui</strong></span> <span class='ocrx_word' id='word_1_18' title='bbox 1353 731 1390 774; x_wconf 91' lang='lat' dir='ltr'><strong>se</strong></span> <span class='ocrx_word' id='word_1_19' title='bbox 1413 711 1470 774; x_wconf 93' lang='lat' dir='ltr'><strong>ille</strong></span> <span class='ocrx_word' id='word_1_20' title='bbox 1493 712 1544 774; x_wconf 88' lang='lat' dir='ltr'><strong>vix</strong></span> 
     </span>
     <span class='ocr_line' id='line_1_4' title="bbox 357 831 966 915; baseline 0 -21"><span class='ocrx_word' id='word_1_21' title='bbox 357 831 574 907; x_wconf 85' lang='lat' dir='ltr'><strong>subtraxerit,</strong></span> <span class='ocrx_word' id='word_1_22' title='bbox 598 832 646 894; x_wconf 90' lang='lat' dir='ltr'><strong>sic</strong></span> <span class='ocrx_word' id='word_1_23' title='bbox 670 831 815 915; x_wconf 86' lang='lat' dir='ltr'><strong>scriptor</strong></span> <span class='ocrx_word' id='word_1_24' title='bbox 838 833 966 914; x_wconf 88' lang='lat' dir='ltr'><strong>pergit:</strong></span> 
     </span>
    </p>

    <p class='ocr_par' dir='ltr' id='par_1_3' title="bbox 358 949 1545 1153">
     <span class='ocr_line' id='line_1_5' title="bbox 405 949 1545 1034; baseline 0 -21"><span class='ocrx_word' id='word_1_25' title='bbox 405 951 603 1034; x_wconf 72' lang='lat' dir='ltr'><strong>„Legiones</strong></span> <span class='ocrx_word' id='word_1_26' title='bbox 618 950 710 1014; x_wconf 93' lang='lat' dir='ltr'><strong>velut</strong></span> <span class='ocrx_word' id='word_1_27' title='bbox 723 951 803 1014; x_wconf 92' lang='lat' dir='ltr'><strong>tabe</strong></span> <span class='ocrx_word' id='word_1_28' title='bbox 817 949 971 1026; x_wconf 83' lang='lat' dir='ltr'><strong>infectae,</strong></span> <span class='ocrx_word' id='word_1_29' title='bbox 986 951 1162 1034; x_wconf 89' lang='lat' dir='ltr'><strong>Aponium</strong></span> <span class='ocrx_word' id='word_1_30' title='bbox 1171 949 1399 1027; x_wconf 89' lang='lat' dir='ltr'><strong>Saturninum,</strong></span> <span class='ocrx_word' id='word_1_31' title='bbox 1412 951 1545 1014; x_wconf 89' lang='lat' dir='ltr'><strong>Moesici</strong></span> 
     </span>
     <span class='ocr_line' id='line_1_6' title="bbox 358 1068 1507 1153; baseline -0.001 -20"><span class='ocrx_word' id='word_1_32' title='bbox 358 1071 527 1133; x_wconf 91' lang='lat' dir='ltr'><strong>exercitus</strong></span> <span class='ocrx_word' id='word_1_33' title='bbox 550 1068 711 1152; x_wconf 89' lang='lat' dir='ltr'><strong>legatum,</strong></span> <span class='ocrx_word' id='word_1_34' title='bbox 735 1089 777 1132; x_wconf 90' lang='lat' dir='ltr'><strong>eo</strong></span> <span class='ocrx_word' id='word_1_35' title='bbox 800 1071 947 1132; x_wconf 89' lang='lat' dir='ltr'><strong>atrocius</strong></span> <span class='ocrx_word' id='word_1_36' title='bbox 971 1071 1214 1152; x_wconf 87' lang='lat' dir='ltr'><strong>aggrediuntur</strong></span> <span class='ocrx_word' id='word_1_37' title='bbox 1238 1072 1330 1153; x_wconf 92' lang='lat' dir='ltr'><strong>quod</strong></span> <span class='ocrx_word' id='word_1_38' title='bbox 1354 1091 1384 1133; x_wconf 91' lang='lat' dir='ltr'><strong>e.</strong></span> <span class='ocrx_word' id='word_1_39' title='bbox 1406 1091 1439 1152; x_wconf 93' lang='lat' dir='ltr'><strong>q.</strong></span> <span class='ocrx_word' id='word_1_40' title='bbox 1459 1071 1507 1133; x_wconf 87' lang='lat' dir='ltr'><strong>s.&#39;’</strong></span> 
     </span>
    </p>

    <p class='ocr_par' dir='ltr' id='par_1_4' title="bbox 357 1189 1550 2705">
     <span class='ocr_line' id='line_1_7' title="bbox 404 1189 1548 1272; baseline -0.002 -19"><span class='ocrx_word' id='word_1_41' title='bbox 404 1191 500 1254; x_wconf 90' lang='lat' dir='ltr'><strong>Haec</strong></span> <span class='ocrx_word' id='word_1_42' title='bbox 530 1189 609 1264; x_wconf 91' lang='lat' dir='ltr'><strong>cito,</strong></span> <span class='ocrx_word' id='word_1_43' title='bbox 635 1190 780 1272; x_wconf 90' lang='lat' dir='ltr'><strong>primum</strong></span> <span class='ocrx_word' id='word_1_44' title='bbox 806 1197 843 1252; x_wconf 92' lang='lat' dir='ltr'><strong>ut</strong></span> <span class='ocrx_word' id='word_1_45' title='bbox 867 1198 1031 1272; x_wconf 84' lang='lat' dir='ltr'><strong>appareat</strong></span> <span class='ocrx_word' id='word_1_46' title='bbox 1054 1189 1136 1272; x_wconf 90' lang='lat' dir='ltr'><strong>quid</strong></span> <span class='ocrx_word' id='word_1_47' title='bbox 1161 1191 1294 1253; x_wconf 87' lang='lat' dir='ltr'><strong>intersit</strong></span> <span class='ocrx_word' id='word_1_48' title='bbox 1317 1191 1405 1252; x_wconf 87' lang='lat' dir='ltr'><strong>inter</strong></span> <span class='ocrx_word' id='word_1_49' title='bbox 1427 1209 1548 1252; x_wconf 89' lang='lat' dir='ltr'><strong>sermo·</strong></span> 
     </span>
     <span class='ocr_line' id='line_1_8' title="bbox 359 1309 1549 1392; baseline 0 -20"><span class='ocrx_word' id='word_1_50' title='bbox 359 1330 436 1373; x_wconf 91' lang='lat' dir='ltr'><strong>nem</strong></span> <span class='ocrx_word' id='word_1_51' title='bbox 460 1310 638 1372; x_wconf 89' lang='lat' dir='ltr'><strong>Taciteum</strong></span> <span class='ocrx_word' id='word_1_52' title='bbox 663 1319 698 1372; x_wconf 91' lang='lat' dir='ltr'><strong>et</strong></span> <span class='ocrx_word' id='word_1_53' title='bbox 721 1309 912 1372; x_wconf 91' lang='lat' dir='ltr'><strong>orationem</strong></span> <span class='ocrx_word' id='word_1_54' title='bbox 935 1330 1052 1373; x_wconf 93' lang='lat' dir='ltr'><strong>eorum</strong></span> <span class='ocrx_word' id='word_1_55' title='bbox 1073 1311 1130 1391; x_wconf 92' lang='lat' dir='ltr'><strong>qui</strong></span> <span class='ocrx_word' id='word_1_56' title='bbox 1151 1309 1348 1392; x_wconf 87' lang='lat' dir='ltr'><strong>simpliciter</strong></span> <span class='ocrx_word' id='word_1_57' title='bbox 1367 1309 1549 1390; x_wconf 87' lang='lat' dir='ltr'><strong>loquuntur</strong></span> 
     </span>
     <span class='ocr_line' id='line_1_9' title="bbox 357 1426 1548 1511; baseline 0 -21"><span class='ocrx_word' id='word_1_58' title='bbox 357 1428 586 1510; x_wconf 87' lang='lat' dir='ltr'><strong>scribuntque.</strong></span> <span class='ocrx_word' id='word_1_59' title='bbox 612 1426 906 1511; x_wconf 88' lang='lat' dir='ltr'><strong>Simplicissimum</strong></span> <span class='ocrx_word' id='word_1_60' title='bbox 930 1428 995 1492; x_wconf 90' lang='lat' dir='ltr'><strong>hoc</strong></span> <span class='ocrx_word' id='word_1_61' title='bbox 1019 1438 1091 1492; x_wconf 92' lang='lat' dir='ltr'><strong>erat</strong></span> <span class='ocrx_word' id='word_1_62' title='bbox 1115 1437 1150 1492; x_wconf 90' lang='lat' dir='ltr'><strong>et</strong></span> <span class='ocrx_word' id='word_1_63' title='bbox 1169 1429 1343 1511; x_wconf 89' lang='lat' dir='ltr'><strong>scriptoris</strong></span> <span class='ocrx_word' id='word_1_64' title='bbox 1362 1427 1548 1491; x_wconf 87' lang='lat' dir='ltr'><strong>sententiae</strong></span> 
     </span>
     <span class='ocr_line' id='line_1_10' title="bbox 357 1545 1549 1630; baseline 0 -20"><span class='ocrx_word' id='word_1_65' title='bbox 357 1547 587 1630; x_wconf 89' lang='lat' dir='ltr'><strong>aptissimum:</strong></span> <span class='ocrx_word' id='word_1_66' title='bbox 615 1546 810 1629; x_wconf 85' lang='lat' dir='ltr'><strong>,Aponium</strong></span> <span class='ocrx_word' id='word_1_67' title='bbox 912 1548 1164 1629; x_wconf 85' lang='lat' dir='ltr'><strong>aggrediuntur,</strong></span> <span class='ocrx_word' id='word_1_68' title='bbox 1189 1567 1231 1611; x_wconf 91' lang='lat' dir='ltr'><strong>eo</strong></span> <span class='ocrx_word' id='word_1_69' title='bbox 1253 1548 1401 1611; x_wconf 90' lang='lat' dir='ltr'><strong>atrocius</strong></span> <span class='ocrx_word' id='word_1_70' title='bbox 1425 1545 1549 1629; x_wconf 90' lang='lat' dir='ltr'><strong>quod&#39;&#39;,</strong></span> 
     </span>
     <span class='ocr_line' id='line_1_11' title="bbox 359 1665 1550 1748; baseline -0.003 -18"><span class='ocrx_word' id='word_1_71' title='bbox 359 1687 437 1730; x_wconf 92' lang='lat' dir='ltr'><strong>nam</strong></span> <span class='ocrx_word' id='word_1_72' title='bbox 462 1686 571 1730; x_wconf 89' lang='lat' dir='ltr'><strong>novae</strong></span> <span class='ocrx_word' id='word_1_73' title='bbox 596 1667 808 1741; x_wconf 85' lang='lat' dir='ltr'><strong>narrationis,</strong></span> <span class='ocrx_word' id='word_1_74' title='bbox 828 1686 916 1748; x_wconf 90' lang='lat' dir='ltr'><strong>quae</strong></span> <span class='ocrx_word' id='word_1_75' title='bbox 935 1667 1139 1741; x_wconf 86' lang='lat' dir='ltr'><strong>adnectitur,</strong></span> <span class='ocrx_word' id='word_1_76' title='bbox 1159 1674 1396 1748; x_wconf 86' lang='lat' dir='ltr'><strong>argumentum</strong></span> <span class='ocrx_word' id='word_1_77' title='bbox 1415 1665 1480 1728; x_wconf 92' lang='lat' dir='ltr'><strong>hoc</strong></span> <span class='ocrx_word' id='word_1_78' title='bbox 1499 1672 1550 1727; x_wconf 89' lang='lat' dir='ltr'><strong>est</strong></span> 
     </span>
     <span class='ocr_line' id='line_1_12' title="bbox 361 1785 1549 1869; baseline -0.002 -20"><span class='ocrx_word' id='word_1_79' title='bbox 361 1786 454 1869; x_wconf 91' lang='lat' dir='ltr'><strong>quod</strong></span> <span class='ocrx_word' id='word_1_80' title='bbox 479 1806 568 1849; x_wconf 91' lang='lat' dir='ltr'><strong>nunc</strong></span> <span class='ocrx_word' id='word_1_81' title='bbox 587 1806 623 1849; x_wconf 90' lang='lat' dir='ltr'><strong>se</strong></span> <span class='ocrx_word' id='word_1_82' title='bbox 644 1787 677 1849; x_wconf 91' lang='lat' dir='ltr'><strong>in</strong></span> <span class='ocrx_word' id='word_1_83' title='bbox 697 1786 800 1850; x_wconf 90' lang='lat' dir='ltr'><strong>alium</strong></span> <span class='ocrx_word' id='word_1_84' title='bbox 821 1787 943 1849; x_wconf 90' lang='lat' dir='ltr'><strong>ducem</strong></span> <span class='ocrx_word' id='word_1_85' title='bbox 963 1788 1132 1850; x_wconf 91' lang='lat' dir='ltr'><strong>convertit</strong></span> <span class='ocrx_word' id='word_1_86' title='bbox 1153 1785 1297 1850; x_wconf 93' lang='lat' dir='ltr'><strong>militum</strong></span> <span class='ocrx_word' id='word_1_87' title='bbox 1318 1787 1376 1860; x_wconf 91' lang='lat' dir='ltr'><strong>ira,</strong></span> <span class='ocrx_word' id='word_1_88' title='bbox 1396 1787 1450 1848; x_wconf 93' lang='lat' dir='ltr'><strong>cui</strong></span> <span class='ocrx_word' id='word_1_89' title='bbox 1471 1785 1549 1848; x_wconf 90' lang='lat' dir='ltr'><strong>illud</strong></span> 
     </span>
     <span class='ocr_line' id='line_1_13' title="bbox 365 1903 1550 1988; baseline -0.001 -21"><span class='ocrx_word' id='word_1_90' title='bbox 365 1925 425 1986; x_wconf 85' lang='lat' dir='ltr'><strong>„eo</strong></span> <span class='ocrx_word' id='word_1_91' title='bbox 456 1906 603 1968; x_wconf 90' lang='lat' dir='ltr'><strong>atrocius</strong></span> <span class='ocrx_word' id='word_1_92' title='bbox 633 1905 725 1986; x_wconf 91' lang='lat' dir='ltr'><strong>quod</strong></span> <span class='ocrx_word' id='word_1_93' title='bbox 758 1926 788 1968; x_wconf 90' lang='lat' dir='ltr'><strong>e.</strong></span> <span class='ocrx_word' id='word_1_94' title='bbox 809 1926 841 1988; x_wconf 89' lang='lat' dir='ltr'><strong>q.</strong></span> <span class='ocrx_word' id='word_1_95' title='bbox 862 1905 912 1968; x_wconf 88' lang='lat' dir='ltr'><strong>s.”</strong></span> <span class='ocrx_word' id='word_1_96' title='bbox 944 1904 1150 1988; x_wconf 92' lang='lat' dir='ltr'><strong>explanandi</strong></span> <span class='ocrx_word' id='word_1_97' title='bbox 1181 1925 1281 1968; x_wconf 91' lang='lat' dir='ltr'><strong>causa</strong></span> <span class='ocrx_word' id='word_1_98' title='bbox 1308 1905 1455 1968; x_wconf 86' lang='lat' dir='ltr'><strong>additur.</strong></span> <span class='ocrx_word' id='word_1_99' title='bbox 1484 1903 1550 1967; x_wconf 89' lang='lat' dir='ltr'><strong>Sed</strong></span> 
     </span>
     <span class='ocr_line' id='line_1_14' title="bbox 361 2023 1550 2088; baseline -0.002 -1"><span class='ocrx_word' id='word_1_100' title='bbox 361 2023 478 2087; x_wconf 91' lang='lat' dir='ltr'><strong>maluit</strong></span> <span class='ocrx_word' id='word_1_101' title='bbox 509 2024 647 2088; x_wconf 90' lang='lat' dir='ltr'><strong>Tacitus</strong></span> <span class='ocrx_word' id='word_1_102' title='bbox 677 2044 776 2087; x_wconf 90' lang='lat' dir='ltr'><strong>more·</strong></span> <span class='ocrx_word' id='word_1_103' title='bbox 801 2045 862 2087; x_wconf 93' lang='lat' dir='ltr'><strong>suo</strong></span> <span class='ocrx_word' id='word_1_104' title='bbox 894 2025 1044 2088; x_wconf 87' lang='lat' dir='ltr'><strong>diversas</strong></span> <span class='ocrx_word' id='word_1_105' title='bbox 1077 2045 1129 2087; x_wconf 90' lang='lat' dir='ltr'><strong>res</strong></span> <span class='ocrx_word' id='word_1_106' title='bbox 1160 2025 1193 2088; x_wconf 93' lang='lat' dir='ltr'><strong>in</strong></span> <span class='ocrx_word' id='word_1_107' title='bbox 1224 2045 1325 2088; x_wconf 90' lang='lat' dir='ltr'><strong>unam</strong></span> <span class='ocrx_word' id='word_1_108' title='bbox 1353 2024 1550 2087; x_wconf 86' lang='lat' dir='ltr'><strong>contrahere</strong></span> 
     </span>
     <span class='ocr_line' id='line_1_15' title="bbox 360 2143 1549 2226; baseline -0.001 -21"><span class='ocrx_word' id='word_1_109' title='bbox 360 2143 574 2207; x_wconf 89' lang='lat' dir='ltr'><strong>sententiam.</strong></span> <span class='ocrx_word' id='word_1_110' title='bbox 600 2143 734 2206; x_wconf 90' lang='lat' dir='ltr'><strong>Deinde</strong></span> <span class='ocrx_word' id='word_1_111' title='bbox 758 2152 795 2206; x_wconf 92' lang='lat' dir='ltr'><strong>ut</strong></span> <span class='ocrx_word' id='word_1_112' title='bbox 818 2144 974 2226; x_wconf 87' lang='lat' dir='ltr'><strong>sequenti</strong></span> <span class='ocrx_word' id='word_1_113' title='bbox 997 2144 1111 2226; x_wconf 91' lang='lat' dir='ltr'><strong>capite</strong></span> <span class='ocrx_word' id='word_1_114' title='bbox 1133 2144 1307 2226; x_wconf 91' lang='lat' dir='ltr'><strong>scriptoris</strong></span> <span class='ocrx_word' id='word_1_115' title='bbox 1331 2143 1436 2206; x_wconf 91' lang='lat' dir='ltr'><strong>nostri</strong></span> <span class='ocrx_word' id='word_1_116' title='bbox 1456 2162 1549 2204; x_wconf 93' lang='lat' dir='ltr'><strong>usum</strong></span> 
     </span>
     <span class='ocr_line' id='line_1_16' title="bbox 360 2263 1548 2348; baseline -0.003 -22"><span class='ocrx_word' id='word_1_117' title='bbox 360 2273 480 2328; x_wconf 91' lang='lat' dir='ltr'><strong>contra</strong></span> <span class='ocrx_word' id='word_1_118' title='bbox 499 2284 639 2346; x_wconf 91' lang='lat' dir='ltr'><strong>pravam</strong></span> <span class='ocrx_word' id='word_1_119' title='bbox 658 2263 840 2328; x_wconf 83' lang='lat' dir='ltr'><strong>defendam</strong></span> <span class='ocrx_word' id='word_1_120' title='bbox 854 2264 1108 2329; x_wconf 92' lang='lat' dir='ltr'><strong>distinctionem</strong></span> <span class='ocrx_word' id='word_1_121' title='bbox 1121 2265 1181 2328; x_wconf 91' lang='lat' dir='ltr'><strong>sed</strong></span> <span class='ocrx_word' id='word_1_122' title='bbox 1193 2265 1393 2348; x_wconf 90' lang='lat' dir='ltr'><strong>speciosam,</strong></span> <span class='ocrx_word' id='word_1_123' title='bbox 1407 2271 1442 2325; x_wconf 87' lang='lat' dir='ltr'><strong>et</strong></span> <span class='ocrx_word' id='word_1_124' title='bbox 1455 2282 1548 2343; x_wconf 91' lang='lat' dir='ltr'><strong>quae,</strong></span> 
     </span>
     <span class='ocr_line' id='line_1_17' title="bbox 360 2381 1550 2466; baseline -0.002 -20"><span class='ocrx_word' id='word_1_125' title='bbox 360 2385 422 2446; x_wconf 91' lang='lat' dir='ltr'><strong>nisi</strong></span> <span class='ocrx_word' id='word_1_126' title='bbox 454 2383 560 2459; x_wconf 88' lang='lat' dir='ltr'><strong>fallor,</strong></span> <span class='ocrx_word' id='word_1_127' title='bbox 593 2384 637 2446; x_wconf 92' lang='lat' dir='ltr'><strong>ab</strong></span> <span class='ocrx_word' id='word_1_128' title='bbox 668 2404 736 2447; x_wconf 93' lang='lat' dir='ltr'><strong>uno</strong></span> <span class='ocrx_word' id='word_1_129' title='bbox 767 2384 943 2466; x_wconf 87' lang='lat' dir='ltr'><strong>alteroque</strong></span> <span class='ocrx_word' id='word_1_130' title='bbox 974 2385 1105 2447; x_wconf 88' lang='lat' dir='ltr'><strong>editore</strong></span> <span class='ocrx_word' id='word_1_131' title='bbox 1137 2384 1203 2447; x_wconf 90' lang='lat' dir='ltr'><strong>iam</strong></span> <span class='ocrx_word' id='word_1_132' title='bbox 1232 2392 1284 2447; x_wconf 90' lang='lat' dir='ltr'><strong>est</strong></span> <span class='ocrx_word' id='word_1_133' title='bbox 1306 2383 1464 2447; x_wconf 90' lang='lat' dir='ltr'><strong>admissa.</strong></span> <span class='ocrx_word' id='word_1_134' title='bbox 1490 2381 1550 2444; x_wconf 90' lang='lat' dir='ltr'><strong>Est</strong></span> 
     </span>
     <span class='ocr_line' id='line_1_18' title="bbox 357 2500 1549 2567; baseline -0.002 -3"><span class='ocrx_word' id='word_1_135' title='bbox 357 2511 473 2565; x_wconf 89' lang='lat' dir='ltr'><strong>autem</strong></span> <span class='ocrx_word' id='word_1_136' title='bbox 492 2502 547 2565; x_wconf 91' lang='lat' dir='ltr'><strong>ille</strong></span> <span class='ocrx_word' id='word_1_137' title='bbox 568 2503 661 2567; x_wconf 94' lang='lat' dir='ltr'><strong>locus</strong></span> <span class='ocrx_word' id='word_1_138' title='bbox 681 2511 798 2566; x_wconf 92' lang='lat' dir='ltr'><strong>nostro</strong></span> <span class='ocrx_word' id='word_1_139' title='bbox 817 2503 1003 2566; x_wconf 89' lang='lat' dir='ltr'><strong>admodum</strong></span> <span class='ocrx_word' id='word_1_140' title='bbox 1024 2502 1150 2567; x_wconf 87' lang='lat' dir='ltr'><strong>similis.</strong></span> <span class='ocrx_word' id='word_1_141' title='bbox 1169 2503 1250 2566; x_wconf 92' lang='lat' dir='ltr'><strong>Post</strong></span> <span class='ocrx_word' id='word_1_142' title='bbox 1268 2510 1419 2565; x_wconf 87' lang='lat' dir='ltr'><strong>narratas</strong></span> <span class='ocrx_word' id='word_1_143' title='bbox 1434 2500 1549 2564; x_wconf 87' lang='lat' dir='ltr'><strong>turbas</strong></span> 
     </span>
     <span class='ocr_line' id='line_1_19' title="bbox 358 2621 1060 2705; baseline 0.004 -22"><span class='ocrx_word' id='word_1_144' title='bbox 358 2621 392 2683; x_wconf 91' lang='lat' dir='ltr'><strong>in</strong></span> <span class='ocrx_word' id='word_1_145' title='bbox 418 2622 583 2685; x_wconf 91' lang='lat' dir='ltr'><strong>Flaviano</strong></span> <span class='ocrx_word' id='word_1_146' title='bbox 606 2623 757 2685; x_wconf 90' lang='lat' dir='ltr'><strong>exercitu</strong></span> <span class='ocrx_word' id='word_1_147' title='bbox 781 2623 865 2686; x_wconf 90' lang='lat' dir='ltr'><strong>haec</strong></span> <span class='ocrx_word' id='word_1_148' title='bbox 888 2622 1060 2705; x_wconf 88' lang='lat' dir='ltr'><strong>leguntur:</strong></span> 
     </span>
    </p>

    <p class='ocr_par' dir='ltr' id='par_1_5' title="bbox 358 2741 1551 3046">
     <span class='ocr_line' id='line_1_20' title="bbox 407 2741 1551 2826; baseline -0.001 -22"><span class='ocrx_word' id='word_1_149' title='bbox 407 2741 480 2822; x_wconf 81' lang='lat' dir='ltr'><strong>„Ne</strong></span> <span class='ocrx_word' id='word_1_150' title='bbox 504 2742 537 2804; x_wconf 92' lang='lat' dir='ltr'><strong>in</strong></span> <span class='ocrx_word' id='word_1_151' title='bbox 562 2742 692 2806; x_wconf 90' lang='lat' dir='ltr'><strong>Vitellii</strong></span> <span class='ocrx_word' id='word_1_152' title='bbox 714 2744 853 2824; x_wconf 89' lang='lat' dir='ltr'><strong>quidem</strong></span> <span class='ocrx_word' id='word_1_153' title='bbox 878 2743 1031 2826; x_wconf 86' lang='lat' dir='ltr'><strong>partibus</strong></span> <span class='ocrx_word' id='word_1_154' title='bbox 1050 2744 1186 2825; x_wconf 88' lang='lat' dir='ltr'><strong>quietae</strong></span> <span class='ocrx_word' id='word_1_155' title='bbox 1206 2752 1337 2806; x_wconf 91' lang='lat' dir='ltr'><strong>mentes</strong></span> <span class='ocrx_word' id='word_1_156' title='bbox 1357 2743 1551 2806; x_wconf 87' lang='lat' dir='ltr'><strong>exitiosiore</strong></span> 
     </span>
     <span class='ocr_line' id='line_1_21' title="bbox 359 2862 1551 2947; baseline -0.001 -21"><span class='ocrx_word' id='word_1_157' title='bbox 359 2862 529 2926; x_wconf 91' lang='lat' dir='ltr'><strong>discordia</strong></span> <span class='ocrx_word' id='word_1_158' title='bbox 553 2882 620 2926; x_wconf 91' lang='lat' dir='ltr'><strong>non</strong></span> <span class='ocrx_word' id='word_1_159' title='bbox 644 2863 892 2946; x_wconf 90' lang='lat' dir='ltr'><strong>suspicionibus</strong></span> <span class='ocrx_word' id='word_1_160' title='bbox 916 2864 1017 2946; x_wconf 85' lang='lat' dir='ltr'><strong>vulgi,</strong></span> <span class='ocrx_word' id='word_1_161' title='bbox 1042 2864 1102 2927; x_wconf 91' lang='lat' dir='ltr'><strong>sed</strong></span> <span class='ocrx_word' id='word_1_162' title='bbox 1128 2863 1270 2947; x_wconf 88' lang='lat' dir='ltr'><strong>perfidia</strong></span> <span class='ocrx_word' id='word_1_163' title='bbox 1294 2864 1418 2926; x_wconf 90' lang='lat' dir='ltr'><strong>ducum</strong></span> <span class='ocrx_word' id='word_1_164' title='bbox 1439 2863 1551 2926; x_wconf 73' lang='lat' dir='ltr'><strong>turba</strong></span> 
     </span>
     <span class='ocr_line' id='line_1_22' title="bbox 358 2981 514 3046; baseline 0.006 -1"><span class='ocrx_word' id='word_1_165' title='bbox 358 2981 514 3046; x_wconf 88' lang='lat' dir='ltr'><strong>bantur”.</strong></span> 
     </span>
    </p>

    <p class='ocr_par' dir='ltr' id='par_1_6' title="bbox 360 3100 1553 3305">
     <span class='ocr_line' id='line_1_23' title="bbox 405 3100 1553 3186; baseline -0.002 -21"><span class='ocrx_word' id='word_1_166' title='bbox 405 3100 537 3184; x_wconf 90' lang='lat' dir='ltr'><strong>Sponte</strong></span> <span class='ocrx_word' id='word_1_167' title='bbox 564 3123 599 3165; x_wconf 92' lang='lat' dir='ltr'><strong>se</strong></span> <span class='ocrx_word' id='word_1_168' title='bbox 623 3102 721 3165; x_wconf 87' lang='lat' dir='ltr'><strong>offert</strong></span> <span class='ocrx_word' id='word_1_169' title='bbox 745 3104 940 3167; x_wconf 91' lang='lat' dir='ltr'><strong>coniectura</strong></span> <span class='ocrx_word' id='word_1_170' title='bbox 964 3112 1042 3186; x_wconf 90' lang='lat' dir='ltr'><strong>post</strong></span> <span class='ocrx_word' id='word_1_171' title='bbox 1065 3116 1186 3167; x_wconf 84' lang='lat' dir='ltr'><strong>mentes</strong></span> <span class='ocrx_word' id='word_1_172' title='bbox 1209 3103 1371 3166; x_wconf 87' lang='lat' dir='ltr'><strong>maiorem</strong></span> <span class='ocrx_word' id='word_1_173' title='bbox 1396 3121 1469 3164; x_wconf 91' lang='lat' dir='ltr'><strong>esse</strong></span> <span class='ocrx_word' id='word_1_174' title='bbox 1492 3120 1553 3184; x_wconf 90' lang='lat' dir='ltr'><strong>po·</strong></span> 
     </span>
     <span class='ocr_line' id='line_1_24' title="bbox 360 3220 1551 3305; baseline -0.002 -22"><span class='ocrx_word' id='word_1_175' title='bbox 360 3220 508 3284; x_wconf 90' lang='lat' dir='ltr'><strong>nendam</strong></span> <span class='ocrx_word' id='word_1_176' title='bbox 533 3221 796 3296; x_wconf 92' lang='lat' dir='ltr'><strong>distinctionem,</strong></span> <span class='ocrx_word' id='word_1_177' title='bbox 821 3223 868 3286; x_wconf 94' lang='lat' dir='ltr'><strong>sic</strong></span> <span class='ocrx_word' id='word_1_178' title='bbox 888 3223 979 3286; x_wconf 90' lang='lat' dir='ltr'><strong>enim</strong></span> <span class='ocrx_word' id='word_1_179' title='bbox 1000 3223 1114 3286; x_wconf 92' lang='lat' dir='ltr'><strong>omnia</strong></span> <span class='ocrx_word' id='word_1_180' title='bbox 1134 3222 1219 3286; x_wconf 89' lang='lat' dir='ltr'><strong>fiunt</strong></span> <span class='ocrx_word' id='word_1_181' title='bbox 1240 3221 1434 3305; x_wconf 88' lang='lat' dir='ltr'><strong>planissima</strong></span> <span class='ocrx_word' id='word_1_182' title='bbox 1454 3228 1488 3282; x_wconf 87' lang='lat' dir='ltr'><strong>et</strong></span> <span class='ocrx_word' id='word_1_183' title='bbox 1509 3220 1551 3282; x_wconf 89' lang='lat' dir='ltr'><strong>ad</strong></span> 
     </span>
    </p>
   </div>
   <div class='ocr_carea' id='block_1_3' title="bbox 359 3338 1552 3424">
    <p class='ocr_par' dir='ltr' id='par_1_7' title="bbox 359 3338 1552 3424">
     <span class='ocr_line' id='line_1_25' title="bbox 359 3338 1552 3424; baseline 0 -23"><span class='ocrx_word' id='word_1_184' title='bbox 359 3338 617 3421; x_wconf 87' lang='lat' dir='ltr'><strong>intelligendum</strong></span> <span class='ocrx_word' id='word_1_185' title='bbox 637 3341 902 3424; x_wconf 89' lang='lat' dir='ltr'><strong>expeditissima.</strong></span> <span class='ocrx_word' id='word_1_186' title='bbox 926 3341 971 3404; x_wconf 91' lang='lat' dir='ltr'><strong>Et</strong></span> <span class='ocrx_word' id='word_1_187' title='bbox 991 3350 1107 3404; x_wconf 87' lang='lat' dir='ltr'><strong>tamen</strong></span> <span class='ocrx_word' id='word_1_188' title='bbox 1128 3361 1229 3404; x_wconf 91' lang='lat' dir='ltr'><strong>nemo</strong></span> <span class='ocrx_word' id='word_1_189' title='bbox 1249 3360 1325 3403; x_wconf 90' lang='lat' dir='ltr'><strong>eam</strong></span> <span class='ocrx_word' id='word_1_190' title='bbox 1345 3339 1469 3422; x_wconf 90' lang='lat' dir='ltr'><strong>probet</strong></span> <span class='ocrx_word' id='word_1_191' title='bbox 1491 3338 1552 3402; x_wconf 90' lang='lat' dir='ltr'><strong>nisi</strong></span> 
     </span>
    </p>
   </div>
   <div class='ocr_carea' id='block_1_4' title="bbox 358 3460 1560 4496">
    <p class='ocr_par' dir='ltr' id='par_1_8' title="bbox 358 3460 1554 3781">
     <span class='ocr_line' id='line_1_26' title="bbox 358 3460 1553 3544; baseline -0.002 -22"><span class='ocrx_word' id='word_1_192' title='bbox 358 3461 415 3541; x_wconf 93' lang='lat' dir='ltr'><strong>qui</strong></span> <span class='ocrx_word' id='word_1_193' title='bbox 440 3460 473 3522; x_wconf 95' lang='lat' dir='ltr'><strong>in</strong></span> <span class='ocrx_word' id='word_1_194' title='bbox 498 3460 618 3523; x_wconf 89' lang='lat' dir='ltr'><strong>Tacito</strong></span> <span class='ocrx_word' id='word_1_195' title='bbox 644 3460 767 3544; x_wconf 90' lang='lat' dir='ltr'><strong>hospes</strong></span> <span class='ocrx_word' id='word_1_196' title='bbox 790 3463 850 3524; x_wconf 87' lang='lat' dir='ltr'><strong>sit:</strong></span> <span class='ocrx_word' id='word_1_197' title='bbox 877 3463 920 3524; x_wconf 90' lang='lat' dir='ltr'><strong>de</strong></span> <span class='ocrx_word' id='word_1_198' title='bbox 944 3461 1108 3525; x_wconf 86' lang='lat' dir='ltr'><strong>industria</strong></span> <span class='ocrx_word' id='word_1_199' title='bbox 1128 3461 1217 3524; x_wconf 89' lang='lat' dir='ltr'><strong>enim</strong></span> <span class='ocrx_word' id='word_1_200' title='bbox 1238 3461 1377 3523; x_wconf 89' lang='lat' dir='ltr'><strong>Tacitus</strong></span> <span class='ocrx_word' id='word_1_201' title='bbox 1396 3460 1430 3522; x_wconf 94' lang='lat' dir='ltr'><strong>in</strong></span> <span class='ocrx_word' id='word_1_202' title='bbox 1451 3478 1553 3521; x_wconf 90' lang='lat' dir='ltr'><strong>unam</strong></span> 
     </span>
     <span class='ocr_line' id='line_1_27' title="bbox 358 3577 1554 3663; baseline -0.003 -21"><span class='ocrx_word' id='word_1_203' title='bbox 358 3580 563 3642; x_wconf 88' lang='lat' dir='ltr'><strong>sententiam</strong></span> <span class='ocrx_word' id='word_1_204' title='bbox 586 3580 699 3662; x_wconf 85' lang='lat' dir='ltr'><strong>coegit</strong></span> <span class='ocrx_word' id='word_1_205' title='bbox 722 3587 757 3642; x_wconf 94' lang='lat' dir='ltr'><strong>et</strong></span> <span class='ocrx_word' id='word_1_206' title='bbox 780 3599 852 3642; x_wconf 90' lang='lat' dir='ltr'><strong>rem</strong></span> <span class='ocrx_word' id='word_1_207' title='bbox 872 3600 1007 3655; x_wconf 89' lang='lat' dir='ltr'><strong>novam,</strong></span> <span class='ocrx_word' id='word_1_208' title='bbox 1029 3599 1131 3662; x_wconf 91' lang='lat' dir='ltr'><strong>quam</strong></span> <span class='ocrx_word' id='word_1_209' title='bbox 1151 3579 1369 3663; x_wconf 89' lang='lat' dir='ltr'><strong>praecedenti</strong></span> <span class='ocrx_word' id='word_1_210' title='bbox 1389 3577 1554 3650; x_wconf 89' lang='lat' dir='ltr'><strong>adnectit,</strong></span> 
     </span>
     <span class='ocr_line' id='line_1_28' title="bbox 360 3698 911 3781; baseline 0 -20"><span class='ocrx_word' id='word_1_211' title='bbox 360 3705 394 3761; x_wconf 91' lang='lat' dir='ltr'><strong>et</strong></span> <span class='ocrx_word' id='word_1_212' title='bbox 418 3699 466 3761; x_wconf 90' lang='lat' dir='ltr'><strong>rei</strong></span> <span class='ocrx_word' id='word_1_213' title='bbox 490 3719 599 3763; x_wconf 89' lang='lat' dir='ltr'><strong>novae</strong></span> <span class='ocrx_word' id='word_1_214' title='bbox 623 3698 911 3781; x_wconf 90' lang='lat' dir='ltr'><strong>explanationem.</strong></span> 
     </span>
    </p>

    <p class='ocr_par' dir='ltr' id='par_1_9' title="bbox 358 3817 1560 4496">
     <span class='ocr_line' id='line_1_29' title="bbox 405 3817 1556 3900; baseline -0.002 -20"><span class='ocrx_word' id='word_1_215' title='bbox 405 3817 448 3880; x_wconf 92' lang='lat' dir='ltr'><strong>H.</strong></span> <span class='ocrx_word' id='word_1_216' title='bbox 474 3818 533 3892; x_wconf 88' lang='grc' dir='ltr'><strong>ΙΙΙ,</strong></span> <span class='ocrx_word' id='word_1_217' title='bbox 564 3836 612 3900; x_wconf 79' lang='lat'><strong>13·</strong></span> <span class='ocrx_word' id='word_1_218' title='bbox 634 3818 768 3881; x_wconf 83' lang='lat' dir='ltr'><strong>Deiecit</strong></span> <span class='ocrx_word' id='word_1_219' title='bbox 788 3839 807 3880; x_wconf 94' lang='lat' dir='ltr'><strong>a</strong></span> <span class='ocrx_word' id='word_1_220' title='bbox 828 3817 969 3881; x_wconf 92' lang='lat' dir='ltr'><strong>Vitellio</strong></span> <span class='ocrx_word' id='word_1_221' title='bbox 988 3817 1110 3892; x_wconf 90' lang='lat' dir='ltr'><strong>classis,</strong></span> <span class='ocrx_word' id='word_1_222' title='bbox 1134 3817 1280 3882; x_wconf 91' lang='lat' dir='ltr'><strong>Caecina</strong></span> <span class='ocrx_word' id='word_1_223' title='bbox 1300 3817 1453 3898; x_wconf 86' lang='lat' dir='ltr'><strong>legiones</strong></span> <span class='ocrx_word' id='word_1_224' title='bbox 1471 3837 1556 3898; x_wconf 93' lang='lat' dir='ltr'><strong>quo·</strong></span> 
     </span>
     <span class='ocr_line' id='line_1_30' title="bbox 360 3936 1556 4021; baseline -0.002 -21"><span class='ocrx_word' id='word_1_225' title='bbox 360 3957 426 4019; x_wconf 92' lang='lat' dir='ltr'><strong>que</strong></span> <span class='ocrx_word' id='word_1_226' title='bbox 446 3958 522 4000; x_wconf 89' lang='lat' dir='ltr'><strong>suas</strong></span> <span class='ocrx_word' id='word_1_227' title='bbox 541 3938 584 4000; x_wconf 93' lang='lat' dir='ltr'><strong>ad</strong></span> <span class='ocrx_word' id='word_1_228' title='bbox 606 3938 855 4021; x_wconf 89' lang='lat' dir='ltr'><strong>Vespasianum</strong></span> <span class='ocrx_word' id='word_1_229' title='bbox 875 3936 1050 4014; x_wconf 87' lang='lat' dir='ltr'><strong>translert;</strong></span> <span class='ocrx_word' id='word_1_230' title='bbox 1072 3939 1207 4019; x_wconf 89' lang='lat' dir='ltr'><strong>iamque</strong></span> <span class='ocrx_word' id='word_1_231' title='bbox 1225 3937 1259 4000; x_wconf 94' lang='lat' dir='ltr'><strong>in</strong></span> <span class='ocrx_word' id='word_1_232' title='bbox 1275 3938 1347 4000; x_wconf 90' lang='lat' dir='ltr'><strong>eius</strong></span> <span class='ocrx_word' id='word_1_233' title='bbox 1360 3936 1556 3999; x_wconf 89' lang='lat' dir='ltr'><strong>iuraverunt</strong></span> 
     </span>
     <span class='ocr_line' id='line_1_31' title="bbox 360 4055 1557 4141; baseline 0 -22"><span class='ocrx_word' id='word_1_234' title='bbox 360 4056 465 4119; x_wconf 89' lang='lat' dir='ltr'><strong>verba</strong></span> <span class='ocrx_word' id='word_1_235' title='bbox 489 4057 622 4130; x_wconf 90' lang='lat' dir='ltr'><strong>milites,</strong></span> <span class='ocrx_word' id='word_1_236' title='bbox 647 4058 713 4119; x_wconf 92' lang='lat' dir='ltr'><strong>iam</strong></span> <span class='ocrx_word' id='word_1_237' title='bbox 739 4059 901 4141; x_wconf 90' lang='lat' dir='ltr'><strong>dereptae</strong></span> <span class='ocrx_word' id='word_1_238' title='bbox 925 4066 1002 4120; x_wconf 92' lang='lat' dir='ltr'><strong>sunt</strong></span> <span class='ocrx_word' id='word_1_239' title='bbox 1021 4055 1150 4120; x_wconf 91' lang='lat' dir='ltr'><strong>Vitellii</strong></span> <span class='ocrx_word' id='word_1_240' title='bbox 1173 4057 1346 4139; x_wconf 85' lang='lat' dir='ltr'><strong>imagines,</strong></span> <span class='ocrx_word' id='word_1_241' title='bbox 1368 4058 1557 4139; x_wconf 88' lang='lat' dir='ltr'><strong>praescrip·</strong></span> 
     </span>
     <span class='ocr_line' id='line_1_32' title="bbox 359 4176 1558 4258; baseline 0.002 -20"><span class='ocrx_word' id='word_1_242' title='bbox 359 4185 500 4257; x_wconf 91' lang='lat' dir='ltr'><strong>tumque</strong></span> <span class='ocrx_word' id='word_1_243' title='bbox 522 4176 722 4258; x_wconf 90' lang='lat' dir='ltr'><strong>Vespasiani</strong></span> <span class='ocrx_word' id='word_1_244' title='bbox 745 4197 879 4253; x_wconf 92' lang='lat' dir='ltr'><strong>nomen,</strong></span> <span class='ocrx_word' id='word_1_245' title='bbox 901 4199 977 4241; x_wconf 95' lang='lat' dir='ltr'><strong>cum</strong></span> <span class='ocrx_word' id='word_1_246' title='bbox 997 4177 1110 4241; x_wconf 91' lang='lat' dir='ltr'><strong>subito</strong></span> <span class='ocrx_word' id='word_1_247' title='bbox 1131 4178 1206 4241; x_wconf 91' lang='lat' dir='ltr'><strong>illos</strong></span> <span class='ocrx_word' id='word_1_248' title='bbox 1225 4178 1306 4241; x_wconf 87' lang='lat' dir='ltr'><strong>facti</strong></span> <span class='ocrx_word' id='word_1_249' title='bbox 1322 4177 1372 4240; x_wconf 91' lang='lat' dir='ltr'><strong>sui</strong></span> <span class='ocrx_word' id='word_1_250' title='bbox 1390 4179 1558 4258; x_wconf 88' lang='lat' dir='ltr'><strong>poenitet,</strong></span> 
     </span>
     <span class='ocr_line' id='line_1_33' title="bbox 360 4295 1558 4377; baseline 0 -19"><span class='ocrx_word' id='word_1_251' title='bbox 360 4303 557 4377; x_wconf 89' lang='lat' dir='ltr'><strong>reputantes</strong></span> <span class='ocrx_word' id='word_1_252' title='bbox 577 4315 621 4369; x_wconf 88' lang='lat' dir='ltr'><strong>se,</strong></span> <span class='ocrx_word' id='word_1_253' title='bbox 643 4304 797 4358; x_wconf 91' lang='lat' dir='ltr'><strong>strenuos</strong></span> <span class='ocrx_word' id='word_1_254' title='bbox 817 4297 892 4360; x_wconf 90' lang='lat' dir='ltr'><strong>illos</strong></span> <span class='ocrx_word' id='word_1_255' title='bbox 912 4297 1114 4361; x_wconf 89' lang='lat' dir='ltr'><strong>Germaniae</strong></span> <span class='ocrx_word' id='word_1_256' title='bbox 1135 4295 1327 4371; x_wconf 91' lang='lat' dir='ltr'><strong>bellatores,</strong></span> <span class='ocrx_word' id='word_1_257' title='bbox 1347 4295 1440 4358; x_wconf 91' lang='lat' dir='ltr'><strong>nulla</strong></span> <span class='ocrx_word' id='word_1_258' title='bbox 1459 4295 1558 4359; x_wconf 91' lang='lat' dir='ltr'><strong>clade</strong></span> 
     </span>
     <span class='ocr_line' id='line_1_34' title="bbox 358 4414 1560 4496; baseline 0.002 -22"><span class='ocrx_word' id='word_1_259' title='bbox 358 4421 510 4494; x_wconf 90' lang='lat' dir='ltr'><strong>accepta,</strong></span> <span class='ocrx_word' id='word_1_260' title='bbox 536 4433 653 4476; x_wconf 92' lang='lat' dir='ltr'><strong>manus</strong></span> <span class='ocrx_word' id='word_1_261' title='bbox 677 4415 810 4478; x_wconf 84' lang='lat' dir='ltr'><strong>tradere</strong></span> <span class='ocrx_word' id='word_1_262' title='bbox 836 4415 1040 4480; x_wconf 89' lang='lat' dir='ltr'><strong>Othonianis</strong></span> <span class='ocrx_word' id='word_1_263' title='bbox 1064 4415 1135 4479; x_wconf 83' lang='lat' dir='ltr'><strong>istis</strong></span> <span class='ocrx_word' id='word_1_264' title='bbox 1158 4435 1260 4496; x_wconf 90' lang='lat' dir='ltr'><strong>saepe</strong></span> <span class='ocrx_word' id='word_1_265' title='bbox 1285 4414 1407 4496; x_wconf 83' lang='lat' dir='ltr'><strong>sugatis</strong></span> <span class='ocrx_word' id='word_1_266' title='bbox 1432 4416 1560 4496; x_wconf 89' lang='lat' dir='ltr'><strong>copiis:</strong></span> 
     </span>
    </p>
   </div>
   <div class='ocr_carea' id='block_1_5' title="bbox 0 0 1644 5238">
    <p class='ocr_par' dir='ltr' id='par_1_10' title="bbox 0 0 1644 5238">
     <span class='ocr_line' id='line_1_35' title="bbox 0 0 1644 5238; baseline 0 0"><span class='ocrx_word' id='word_1_267' title='bbox 0 0 1644 5238; x_wconf 95' lang='lat' dir='ltr'><strong> </strong></span> 
     </span>
    </p>
   </div>
  </div>
 </body>
</html>
