3258 5240
670 423 708 488 25
788 409 794 418 “

90 587 145 650 alii
170 587 276 662 aliter,
300 587 360 650 sed
385 606 504 650 omnes
528 596 579 650 sat
604 586 753 651 violenta
779 588 920 663 medela,
945 588 1089 651 salutem
1112 587 1142 650 ei
1169 586 1287 649 afferre

90 707 204 770 conati
236 713 325 782 sunt,
358 726 426 769 uno
453 707 559 769 verbo
583 717 675 770 recte
699 708 874 771 intellecto
898 708 1069 771 lenissima
1094 707 1289 770 coniectura

91 827 126 889 in
152 826 321 908 integrum
346 833 461 908 potest
485 826 626 888 restitui.

136 944 180 1008 H.
205 945 248 1020 11,
272 962 303 1023 4.
328 943 477 1007 Tres...
503 945 567 1027 ipsi
592 943 804 1027 Vespasiano
828 945 980 1028 legiones
1001 953 1097 1008 erant
1118 944 1288 1008 exercitae

90 1063 199 1127 bello:
232 1073 393 1146 quattuor
427 1065 604 1130 Mucianus
631 1066 811 1130 obtinebat
835 1066 869 1129 in
894 1086 996 1149 pace;
1020 1067 1079 1129 sed
1105 1065 1289 1129 aemulatio

89 1191 125 1248 et
150 1185 296 1266 proximi
322 1185 491 1247 exercitus
514 1184 621 1266 gloria
646 1185 823 1267 depulerat
843 1185 1034 1268 segnitiam,
1055 1193 1288 1267 quantumque

92 1303 158 1366 illis
183 1304 313 1366 roboris
337 1303 530 1366 discrimina
554 1311 589 1366 et
609 1304 716 1379 labor,
740 1312 872 1368 tantum
893 1304 945 1367 his
964 1305 1091 1387 vigoris
1110 1305 1289 1368 addiderat

91 1424 225 1506 integra
249 1424 345 1506 quies
367 1436 399 1488 et
421 1425 587 1508 inexperti
608 1423 685 1487 belli
708 1423 812 1488 labor.

137 1542 194 1608 Sic
218 1551 268 1606 est
293 1545 326 1606 in
351 1543 480 1619 codice,
504 1545 577 1607 sine
600 1564 710 1607 sensu.
736 1545 808 1607 Iam
833 1564 902 1607 vox
922 1544 1016 1608 labor
1036 1564 1104 1607 non
1125 1544 1288 1626 estquod

90 1683 154 1726 nos
179 1671 338 1738 moretur,
363 1683 439 1726 eam
463 1664 555 1727 enim
579 1683 597 1727 e
621 1664 777 1746 proxime
802 1664 1085 1745 praecedentibus
1109 1663 1174 1727 huc
1194 1663 1290 1727 aber·

91 1801 184 1844 rasse
213 1783 428 1864 perspicuum
460 1792 521 1845 est.
554 1783 607 1846 De
638 1784 760 1845 ceteris
791 1783 976 1846 videamus.
1009 1781 1099 1864 Quid
1132 1782 1213 1844 illud
1239 1790 1291 1844 est

91 1901 186 1982 quod
220 1900 383 1964 militibus
413 1902 562 1985 vigorem
594 1903 674 1965 dare
707 1903 814 1984 possit
841 1904 944 1965 etiam
969 1922 1046 1965 cum
1070 1901 1197 1965 bellum
1221 1921 1289 1965 non

93 2019 240 2104 gerunt?

139 2141 232 2204 Num
268 2141 379 2224 ipsum
415 2140 496 2204 illud
528 2143 618 2223 quod
646 2163 713 2205 non
746 2140 920 2224 pugnant?
952 2141 1028 2205 Hoc
1061 2141 1291 2224 Nipperdeius

93 2268 233 2344 putasse
263 2260 408 2335 videtur,
439 2261 584 2323 coniecit
616 2262 707 2323 enim
737 2273 769 2325 et
795 2262 1001 2344 inexpertum
1025 2260 1154 2336 bellum,
1179 2280 1289 2342 neque

96 2379 206 2442 multo
239 2379 405 2442 feliciores
432 2379 535 2442 ceteri
561 2378 662 2442 luisse
686 2381 845 2442 videntur
868 2380 986 2455 critici,
1012 2380 1068 2462 qui
1094 2380 1184 2443 hunc
1207 2387 1295 2442 trac·

94 2507 212 2562 tarunt
245 2499 367 2561 locum.
400 2499 438 2560 In
471 2499 594 2562 eodem
626 2499 717 2561 enim
749 2519 861 2562 errore
893 2499 1015 2562 versati
1048 2507 1125 2561 sunt
1158 2518 1292 2562 omnes:

93 2619 265 2701 integram
297 2619 448 2698 quietem
480 2634 552 2680 esse
584 2626 746 2700 putarunt
779 2619 929 2700 quietem
962 2638 1135 2700 nunquam
1163 2627 1293 2700 pertur-

93 2737 230 2812 batam;
251 2738 346 2818 quasi
368 2757 449 2799 vero
469 2736 526 2799 illa
546 2757 695 2818 unquam
716 2736 815 2800 fuerit
835 2739 965 2821 tergoris
984 2757 1094 2801 causa.
1115 2737 1154 2800 In
1168 2737 1292 2800 Ritteri

91 2865 186 2919 certe
219 2856 501 2938 interpretatione
532 2854 699 2919 vocabula
730 2855 889 2937 legimus:
925 2857 1019 2937 „eine
1045 2855 1291 2938 ungesahrdete

94 2975 229 3038 Ruhe’'.
263 2976 330 3041 Sed
363 2996 430 3039 non
463 2976 551 3038 hanc
583 2975 789 3054 adiectivum
814 2977 940 3058 integer
963 2976 1032 3039 vim
1057 2976 1177 3051 habet;
1202 2977 1293 3057 quies

93 3097 230 3180 integra
263 3104 313 3158 est
345 3096 440 3177 quies
472 3095 578 3158 libera
607 3095 697 3158 vitiis
720 3115 807 3176 quae
831 3115 933 3178 saepe
957 3097 1053 3178 quies
1077 3096 1175 3159 affert
1198 3116 1293 3159 exer·

94 3215 196 3278 citui:
228 3214 409 3296 pigritiam,
441 3214 704 3289 immodestiam,
736 3222 852 3296 raptus
883 3224 986 3296 atque
1018 3215 1195 3278 luxuriem.
1225 3215 1293 3279 Res

97 3333 215 3397 multis
246 3342 360 3416 potest
391 3333 547 3396 illustrari
579 3333 755 3415 exemplis
780 3334 839 3397 sed
865 3335 1122 3398 disertissimum
1146 3335 1212 3398 hoc
1237 3335 1293 3416 (II,

94 3455 170 3536 97):
200 3454 387 3534 „integrum
411 3452 478 3516 illic
498 3453 544 3536 (in
565 3452 694 3536 Africa)
714 3473 754 3517 ac
773 3453 994 3517 favorabilem
1016 3455 1292 3536 proconsulatum

97 3572 270 3648 Vitellius,
302 3573 469 3636 famosum
501 3573 714 3655 invisumque
740 3573 971 3656 Vespasianus
995 3573 1144 3656 egerat'’.
1170 3573 1291 3656 Saepe,

95 3715 140 3757 ne
177 3693 376 3776 plerumque
411 3693 534 3768 dicam,
571 3691 789 3775 proconsules
820 3694 853 3756 in
886 3693 1069 3775 provinciis
1100 3693 1226 3774 rapinis
1258 3699 1292 3754 et

92 3813 298 3878 crudelitate
329 3833 365 3875 se
396 3832 589 3894 nomenque
622 3812 814 3876 Romanum
848 3812 1108 3886 commaculant,
1140 3810 1197 3892 qui
1226 3811 1291 3874 cle·

93 3940 231 3997 menter
251 3931 459 4014 provinciam
482 3932 569 3994 rexit
589 3933 660 3995 eius
676 3934 803 4016 integer
816 3941 867 3996 est
880 3929 1146 4015 proconsulatus.
1161 3929 1291 4012 Quodsi

93 4055 173 4137 quis
203 4053 392 4116 contendat
422 4053 566 4116 arctiore
598 4073 697 4116 sensu
725 4053 771 4116 ibi
796 4074 869 4116 esse
893 4053 1129 4135 accipiendum
1153 4051 1291 4116 adiecti·

92 4192 191 4248 vum,
223 4173 393 4254 integrum
423 4192 496 4235 esse
528 4191 604 4235 eum
637 4171 694 4254 qui
727 4191 846 4234 manus
873 4172 1043 4235 abstineat
1067 4169 1184 4234 alienis
1208 4173 1293 4234 inte·

93 4313 265 4377 grumqne
290 4293 361 4355 eius
384 4292 672 4374 proconsulatum,
693 4312 761 4355 non
782 4292 960 4374 obloquor,
981 4312 1092 4374 neque
1113 4291 1294 4373 quominus

95 4415 141 4477 de
162 4415 299 4496 integra
317 4412 421 4493 quiete
440 4412 531 4475 idem
551 4419 739 4475 statuamus
755 4411 947 4475 intercedo:
962 4411 1147 4474 rectissime
1160 4412 1292 4494 integra
