3266 5238
116 596 167 658 illi
198 596 359 660 inservire
389 595 526 679 figurae,
552 615 639 679 quae
656 596 857 680 praeteritio
881 595 1013 670 dicitur,
1039 603 1162 658 norunt
1186 615 1315 670 omnes,

118 737 232 798 neque
251 725 366 780 tamen
385 716 511 800 ubique
524 737 544 780 a
556 717 635 779 viris
648 717 758 779 doctis
771 717 943 778 observari
957 713 1038 778 illud
1052 715 1196 778 videtur.
1211 714 1316 777 Velut

116 837 175 898 hic
199 845 251 899 est
273 835 366 900 locus
392 837 435 899 de
456 845 565 899 morte
588 836 757 910 Paulinae,
779 834 929 900 Senecae
950 835 1063 897 uxoris
1083 833 1139 916 (A.
1153 833 1231 909 XV,
1244 834 1315 915 64):

168 954 237 1034 ,At
261 956 354 1019 Nero
377 955 471 1019 nullo
494 956 528 1019 in
554 956 727 1019 Paulinam
752 955 890 1038 proprio
914 956 1004 1030 odio,
1030 975 1068 1017 ac
1093 975 1135 1017 ne
1160 953 1317 1035 glisceret

116 1075 248 1140 invidia
271 1078 490 1153 crudelitatis
515 1077 609 1141 iubet
633 1077 777 1140 inhiberi
804 1084 958 1140 mortem.
985 1075 1211 1139 Hortantibus
1232 1075 1316 1138 mili-

115 1195 211 1259 tibus
241 1199 328 1260 servi
360 1198 541 1280 libertique
573 1197 726 1280 obligant
750 1197 897 1272 brachia,
923 1205 1083 1280 premunt
1105 1196 1315 1279 sanguinem,

116 1316 286 1378 incertum
307 1337 349 1380 an
369 1317 517 1400 ignarae.
539 1317 638 1393 Nam,
658 1327 695 1381 ut
715 1326 767 1380 est
787 1318 906 1399 vulgus
926 1317 969 1379 ad
990 1316 1159 1379 deteriora
1179 1335 1316 1398 promp-

115 1443 204 1510 tum,
226 1455 294 1499 non
314 1436 452 1499 defuere
472 1437 530 1518 qui
549 1437 737 1511 crederent,
755 1437 864 1498 donec
877 1434 1128 1517 implacabilem
1143 1435 1314 1498 Neronem

115 1556 280 1630 timuerit,
306 1556 430 1619 samam
450 1557 599 1620 sociatae
618 1577 697 1620 cum
719 1557 840 1619 marito
860 1556 978 1619 mortis
999 1556 1168 1638 petivisse,
1191 1555 1315 1617 deinde

116 1673 238 1738 oblata
261 1675 394 1738 mitiore
418 1696 480 1758 spe
504 1675 745 1738 blandimentis
769 1675 860 1738 vitae
884 1672 1063 1738 evictam”.

166 1794 316 1856 Dubium
348 1814 416 1857 non
445 1803 497 1857 est
523 1795 605 1876 quin
629 1794 687 1857 illo
711 1815 788 1858 nam
811 1793 980 1876 significet
1003 1792 1142 1856 Tacitus
1164 1813 1200 1855 se
1224 1812 1316 1875 sper·

117 1932 200 1976 nere
235 1923 270 1977 et
305 1922 525 1977 contemnere
561 1916 643 1977 istos
679 1914 864 1978 maledicae
898 1912 1123 1976 multitudinis
1154 1931 1314 1976 rumores.

119 2033 177 2098 Sic
212 2032 303 2097 enim
339 2035 467 2116 pergit:
507 2035 578 2115 „cui
614 2035 748 2097 addidit
782 2052 909 2116 paucos
939 2052 1056 2107 annos,
1089 2032 1249 2095 laudabili
1281 2031 1315 2094 in

116 2155 278 2216 maritum
303 2155 465 2218 memoria
489 2163 524 2218 et
544 2174 602 2216 ore
622 2174 661 2217 ac
682 2154 843 2217 membris
864 2155 898 2217 in
918 2172 995 2216 eum
1017 2153 1180 2236 pallorem
1201 2152 1316 2216 alben-

117 2274 223 2350 tibus,
248 2284 285 2337 ut
308 2276 457 2338 ostentui
482 2284 570 2339 esset
594 2276 733 2340 multum
757 2275 872 2340 uitalis
894 2276 1035 2359 spiritus
1056 2272 1223 2357 egestum'’
1237 2272 1268 2356 ¹).

167 2391 236 2457 Sed
268 2395 311 2457 ad
343 2394 430 2457 bene
461 2394 718 2478 intelligendam
749 2395 858 2459 Taciti
890 2403 1040 2457 mentem
1070 2395 1138 2458 iam
1161 2395 1242 2456 satis
1266 2402 1317 2457 est

120 2521 214 2576 recte
238 2515 453 2597 interpretari
478 2515 752 2578 coniunctionem
776 2537 831 2578 an.
857 2515 993 2578 Etenim
1018 2515 1177 2578 incertum
1201 2535 1245 2576 an
1271 2514 1317 2576 ita

118 2640 157 2695 ut
183 2632 278 2696 haud
296 2634 362 2696 scio
384 2654 428 2697 an
453 2653 520 2696 non
545 2643 597 2698 est
619 2635 802 2699 dubitantis
824 2636 884 2698 sed
908 2634 1112 2716 affirmantis
1135 2632 1188 2715 (ef.
1211 2633 1314 2715 Nipp.

115 2773 146 2814 a.
174 2751 207 2814 h.
233 2751 279 2834 1.).
313 2751 388 2815 Hoc
421 2773 502 2835 ergo
534 2754 616 2816 dicit
647 2753 801 2817 Tacitus:
837 2755 889 2834 „in
922 2755 992 2817 vita
1021 2753 1108 2815 servi
1139 2772 1178 2815 ac
1203 2752 1314 2815 liberti

117 2870 295 2936 Paulinam
327 2873 547 2950 retinuerunt,
574 2894 651 2936 cum
681 2874 747 2936 iam
772 2875 853 2956 quid
878 2882 1044 2956 ageretur,
1068 2881 1189 2956 utpote
1214 2872 1313 2935 morti

115 2991 285 3074 proxima,
322 2995 477 3056 nesciret.
514 2994 602 3056 Nam
634 2995 726 3075 quod
759 2993 878 3076 vulgus
909 2993 1067 3076 perhibet
1186 2991 1219 3054 id
1248 3011 1312 3074 ego

115 3111 213 3174 nihili
237 3110 357 3175 lacio’'.
383 3111 473 3195 Quid
498 3113 561 3175 sibi
586 3114 668 3177 velit
690 3114 872 3176 Furneaux
891 3114 954 3176 hac
974 3114 1210 3176 annotatione:
1236 3112 1312 3193 ,the

116 3233 316 3315 expression
351 3235 512 3299 incertum
546 3255 590 3298 an
621 3255 765 3316 appears
795 3243 832 3297 to
864 3234 907 3296 be
938 3233 1070 3316 usually
1100 3235 1311 3309 affirmative,

116 3353 186 3414 and
218 3361 255 3414 to
286 3361 423 3435 suggest
452 3373 472 3415 a
499 3352 708 3435 probability
735 3352 849 3416 rather
872 3353 955 3416 than
979 3374 998 3416 a
1022 3353 1147 3429 doubt;
1172 3352 1244 3416 and
1263 3353 1311 3415 al-

118 3471 245 3555 though
277 3472 332 3536 the
360 3483 489 3535 context
518 3472 596 3534 here
619 3472 733 3555 points
763 3473 817 3536 the
838 3473 933 3536 other
955 3494 1031 3555 way
1056 3494 1085 3535 e.
1110 3494 1144 3555 q.
1168 3471 1216 3536 s.‘’
1242 3494 1309 3536 non

115 3610 290 3673 assequor.

163 3711 307 3794 Propter
323 3712 523 3794 particulam
540 3733 617 3776 nam
634 3721 668 3775 et
684 3712 773 3775 hunc
791 3713 1007 3795 inspiciamus
1024 3711 1135 3773 locum
1153 3711 1196 3773 H.
1211 3712 1237 3786 I,
1251 3713 1308 3792 89:

154 4013 180 4082 1)
200 4015 304 4064 Frustra
323 4029 406 4063 meam
424 4007 577 4077 opinionem
596 4014 749 4079 impugnare
767 4013 870 4062 videtur
886 4013 1054 4062 Andresenus
1072 4013 1121 4062 hoc
1141 4023 1307 4080 argumento:

116 4117 161 4166 „es
186 4101 253 4166 lolgt
277 4100 364 4150 nieht:
390 4099 461 4149 deun
485 4117 519 4149 an
542 4100 588 4150 das
608 4100 709 4151 Gerede
728 4101 773 4150 der
792 4101 889 4165 Menge
907 4100 1001 4165 glaube
1020 4100 1062 4150 ich
1080 4101 1179 4150 nicht.''
1199 4103 1229 4150 ln
1249 4103 1307 4167 ipso

113 4203 177 4238 nam
198 4186 400 4251 „praeteritivo”
420 4187 481 4236 talia
500 4187 584 4236 inesse
602 4187 696 4236 solent.
717 4187 751 4237 Et
769 4186 838 4236 dicat
854 4188 893 4236 vir
908 4188 1144 4252 praestantissimus
1160 4203 1214 4253 quo
1229 4189 1308 4238 modo

114 4281 185 4324 totus
210 4273 283 4324 locus
305 4274 338 4322 sit
356 4273 533 4338 accipiendus,
552 4274 654 4323 sinam
673 4274 786 4323 hicnon
806 4275 903 4324 indicat
922 4275 1141 4340 praeteritionem.
1161 4275 1307 4338 Quominus

115 4363 246 4410 incertum
270 4377 306 4410 an
325 4361 435 4424 ignarae
452 4376 511 4410 curn
530 4360 684 4410 Andreseno
704 4369 846 4411 vertamus:
868 4362 930 4426 „der
948 4362 1164 4412 wahrscheinliclr
1183 4363 1308 4411 bewusst·

115 4447 209 4497 losen”
227 4463 282 4497 nou
302 4446 446 4496 intercedo:
466 4447 568 4512 egregie
588 4447 654 4496 illud
671 4447 704 4496 ad
724 4463 806 4498 meam
825 4448 877 4497 loci
897 4449 1137 4514 interpretationem
1156 4447 1273 4514 quadrat.
