3266 5238
910 437 972 499 104

386 598 469 681 Quis
493 620 561 664 non
586 600 650 664 ista
674 601 789 683 legens
814 601 924 683 primo
948 611 1087 684 aspectu
1112 604 1313 685 pronomine
1336 603 1415 667 lraec
1434 603 1532 686 signi·

340 718 432 782 ficari
476 729 574 803 putet
617 721 857 803 praecedentia
897 722 1118 805 triumphalia
1153 731 1188 785 et
1222 724 1381 787 uictoriae
1415 723 1533 786 decus?

340 840 471 902 Tamen
504 859 571 902 non
603 839 685 902 illud
717 839 863 903 voluisse
895 839 1051 904 Tacitum
1084 861 1165 904 mox
1196 850 1349 924 apparet,
1375 861 1454 905 nam
1480 841 1533 904 illa

341 979 419 1021 eum
449 959 613 1041 adeptum
645 979 717 1022 esse
749 959 815 1021 iam
844 959 941 1022 dixit.
967 959 1127 1042 Cogimur
1151 981 1233 1043 ergo
1257 961 1430 1044 (cogimur,
1456 982 1531 1024 nam

340 1078 421 1141 satis
445 1079 528 1141 mira
552 1098 604 1141 res
627 1079 689 1159 est)
714 1077 796 1140 illud
820 1079 899 1142 haec
923 1100 990 1142 non
1016 1081 1059 1142 de
1083 1081 1123 1142 iis
1143 1079 1244 1143 rebus
1263 1081 1428 1163 accipere,
1450 1100 1531 1162 quas

340 1199 413 1281 ipsa
433 1199 654 1280 grammatica
673 1199 833 1280 suggerit,
852 1199 913 1260 sed
934 1199 982 1261 sic
1002 1198 1071 1262 fere
1091 1200 1305 1284 interpretari
1325 1200 1453 1263 locum:
1478 1208 1530 1280 „ut

334 1328 542 1399 praesentem
566 1318 762 1380 occasionem
787 1325 906 1380 nactus
930 1316 1013 1380 est'’;

386 1435 429 1498 H.
464 1435 505 1510 II,
536 1435 587 1499 80.
620 1433 705 1499 Cum
738 1435 986 1518 Vespasianum
1019 1436 1177 1500 cubiculo
1207 1456 1378 1519 egressum
1411 1437 1531 1500 milites

340 1557 582 1638 imperatorem
606 1556 809 1619 salutarent:

384 1676 441 1774 x„in
461 1676 536 1758 ipso
556 1674 638 1737 nihil
658 1676 837 1750 tumidum,
859 1695 1019 1757 arrogans
1039 1684 1098 1739 aut
1117 1675 1151 1738 in
1171 1676 1271 1739 rebus
1292 1675 1389 1739 novis
1408 1697 1529 1739 novum

341 1793 420 1857 luit:
445 1803 482 1856 ut
506 1794 652 1876 primum
676 1802 793 1858 tantae
817 1793 1005 1858 altitudinis
1022 1793 1042 1877 ¹)
1067 1795 1209 1858 offusam
1228 1795 1335 1859 oculis
1354 1795 1530 1878 caliginem

341 1914 483 1986 disiecit,
512 1913 700 1977 militariter
727 1914 859 1976 locutus
882 1913 971 1976 laeta
995 1914 1109 1977 omnia
1133 1922 1168 1977 et
1192 1915 1363 1978 affluentia
1387 1916 1531 1997 excepit.

342 2033 499 2115 Namque
531 2034 564 2096 id
596 2034 707 2116 ipsum
739 2035 921 2116 opperiens
953 2034 1129 2097 Mucianus
1160 2034 1306 2098 alacrem
1334 2033 1476 2097 militem
1499 2035 1531 2096 in

341 2151 446 2214 verba
469 2152 671 2234 Vespasiani
696 2152 811 2234 adegit
835 2173 864 2214 e.
878 2173 911 2234 q.
924 2152 984 2216 s.”.

387 2272 481 2335 Haec
502 2272 615 2334 omnia
636 2280 672 2334 ut
692 2271 779 2335 bene
800 2272 1032 2353 intelligantur
1051 2292 1131 2354 prae
1151 2273 1273 2335 ceteris
1293 2282 1451 2336 accurate
1466 2293 1533 2336 vox

341 2412 479 2473 namque
510 2398 561 2453 est
592 2391 848 2454 consideranda.
881 2392 1019 2454 Etenim
1049 2412 1137 2474 quae
1161 2401 1239 2474 post
1263 2391 1354 2455 illam
1379 2392 1534 2474 leguntur

339 2512 600 2595 explanationem
633 2512 810 2574 continent
841 2511 1021 2574 verborum
1054 2511 1142 2576 laeta
1173 2513 1283 2576 omnia
1312 2524 1344 2576 et
1365 2513 1533 2594 affluentia

339 2632 477 2713 excepit:
511 2651 579 2693 non
611 2651 709 2712 ergo:
734 2631 848 2694 statim
861 2642 1042 2714 postquam
1070 2631 1279 2711 „militariter
1302 2631 1458 2695 locutus”
1483 2640 1534 2694 est

340 2751 570 2833 Vespasianus
605 2750 712 2830 „laeta
744 2751 858 2813 omnia
890 2758 925 2812 et
955 2750 1128 2813 affluentia
1160 2750 1330 2833 excepit”.
1360 2749 1429 2815 Sed
1454 2751 1533 2815 illud

340 2892 479 2952 namque
510 2879 544 2933 et
572 2891 659 2952 quae
684 2879 763 2933 sunt
786 2889 920 2933 annexa
944 2871 992 2932 sic
1015 2878 1094 2932 sunt
1118 2870 1334 2953 accipienda:
1359 2867 1534 2951 etenirn²),

339 2991 432 3072 quod
462 2990 585 3052 attinet
616 2991 660 3053 ad
689 3010 798 3052 rerum
823 2998 1076 3071 eventuumque
1100 2991 1232 3066 seriem,
1257 2991 1380 3071 quibus
1404 2991 1535 3073 Vespa·

339 3109 452 3171 sianus
484 3109 667 3190 imperator
692 3109 799 3172 lactus
823 3118 884 3183 est,
910 3109 1144 3172 huiuscemodi
1170 3109 1249 3172 suit:
1276 3110 1454 3173 Mucianus
1477 3131 1534 3173 ex·

339 3227 518 3310 spectabat
549 3228 587 3290 id
615 3229 721 3311 ipsum
746 3230 767 3290 i.
784 3249 813 3290 e.
838 3248 971 3292 cursum
997 3248 1106 3291 rerum
1132 3229 1165 3290 in
1189 3230 1307 3292 castris
1330 3229 1532 3312 Vespasiani

340 3344 534 3421 Caesareae,
560 3366 661 3428 quem
686 3346 743 3409 ubi
763 3347 896 3410 felicem
916 3347 1017 3410 fuisse
1037 3349 1209 3430 cognovit,
1230 3349 1354 3412 milites
1374 3349 1408 3411 in
1429 3351 1535 3413 verba

340 3466 539 3548 Vespasiani
574 3466 705 3548 adegit;
738 3475 817 3530 ante
848 3468 928 3530 Idus
961 3467 1061 3530 Iulias
1092 3467 1191 3550 Syria
1217 3469 1327 3532 omnis
1351 3470 1384 3532 in
1409 3471 1533 3534 eodem

338 3594 550 3649 sacramento
576 3585 647 3661 luit,
669 3606 749 3650 mox
767 3585 955 3651 Sohaemus
974 3589 1116 3650 accessit
1136 3587 1396 3670 Antiochusque
1417 3610 1446 3652 e.
1461 3609 1495 3672 q.
1509 3611 1533 3652 s.

383 3706 427 3768 H.
453 3705 513 3780 III,
543 3723 591 3770 10.
625 3705 664 3768 In
696 3706 814 3768 castris
843 3705 987 3769 Antonii
1011 3707 1249 3770 seditiosorum
1275 3707 1420 3770 militum
1444 3708 1535 3773 furor

337 3846 373 3888 se
404 3825 513 3888 omnis
544 3825 578 3887 in
611 3824 793 3906 Tampium
825 3823 1025 3887 Flavianum
1057 3826 1234 3900 convertit,
1268 3845 1369 3907 quem
1397 3847 1534 3891 causam

342 4006 537 4016 ——-——-

376 4089 402 4152 ι)
421 4089 493 4137 Haec
515 4086 621 4136 Trilleri
643 4089 793 4138 coniectura
811 4090 927 4139 omniurn
946 4090 1055 4140 maxime
1074 4069 1138 4140 mihi
1157 4091 1265 4152 arridet3
1287 4093 1314 4141 in
1333 4091 1424 4142 codice
1443 4093 1535 4142 multi·

337 4176 440 4224 tudinis
466 4174 569 4237 legitur.
599 4173 664 4222 Curn
691 4175 847 4226 altitudinis
871 4183 956 4226 autern
981 4177 1085 4242 egregie
1109 4178 1191 4242 caligo
1215 4178 1345 4244 iungitur:
1369 4187 1534 4244 comparatur

337 4261 513 4326 Vespasianus
538 4275 597 4308 curn
620 4260 710 4325 aliquo
735 4263 791 4328 qui,
814 4263 902 4312 subito
925 4263 953 4312 in
976 4264 1036 4313 loco
1062 4263 1133 4313 edito
1160 4265 1270 4331 positus,
1294 4264 1356 4314 inde
1381 4264 1532 4330 despiciens

336 4347 491 4411 vertiginem
511 4345 598 4412 sentit.

373 4432 400 4500 2)
420 4432 498 4481 Verte
518 4448 580 4499 ergo
598 4449 710 4500 nauaque
729 4435 833 4500 Belgica
854 4452 907 4485 non
929 4435 1032 4500 „want”
1052 4436 1097 4486 sed
1117 4435 1284 4501 „namelijk”.
