3228 5236
902 451 967 514 224

345 619 520 682 servitium
553 618 662 701 magis
686 617 847 680 inclinare
872 618 1082 681 dicerentur:
1106 617 1195 680 servi
1220 617 1312 679 enim
1336 614 1537 679 Parthorum

347 758 450 820 quarn
483 739 714 801 Romanorum
745 737 816 800 fieri
845 736 944 800 malle
968 738 1171 800 dicerentur.
1208 736 1258 798 At
1281 736 1437 799 Armenii
1461 755 1539 798 cum

348 857 475 921 faciunt
507 859 598 940 quod
632 857 776 920 Romani
808 858 959 940 cupiunt,
993 866 1029 919 ut
1054 877 1169 939 regem
1193 878 1212 919 a
1236 864 1355 920 senatu
1381 856 1540 920 Romano

347 985 478 1059 petant,
502 976 657 1058 scriptori
683 976 839 1039 Romano
864 996 931 1039 non
956 977 1044 1039 servi
1068 975 1139 1038 lieri
1163 977 1223 1038 sed
1248 976 1385 1058 plenam
1410 975 1540 1058 perlec-

348 1105 487 1178 tamque
522 1096 677 1178 accipere
711 1095 905 1158 libertatern
942 1095 1110 1158 videntur.
1153 1095 1353 1159 Parthorum
1390 1095 1444 1158 ille
1479 1115 1541 1158 eos

348 1237 470 1292 servor,
505 1224 540 1278 at
576 1217 808 1279 Romanorum
842 1216 943 1278 socios
977 1217 1160 1297 amicosque
1193 1217 1286 1278 dicit.
1324 1216 1414 1298 Ergo
1450 1215 1542 1290 illuc,

349 1336 442 1418 quod
473 1336 636 1398 traditum
667 1342 729 1410 est,
753 1334 957 1397 servandum
981 1355 1046 1416 ego
1071 1355 1204 1409 censeo,
1229 1343 1265 1398 at
1288 1335 1472 1399 delendum
1495 1334 1549 1396 ad

349 1456 533 1519 servitium.
571 1453 625 1518 Sic
660 1454 775 1516 omnia
805 1452 948 1516 Taciteo
979 1461 1077 1516 erunt
1109 1455 1285 1517 enuntiata
1315 1474 1472 1518 sermone
1506 1463 1545 1516 et

352 1575 497 1638 Romani
529 1573 675 1636 hominis
707 1572 853 1635 referent
883 1573 1056 1636 iudicium.
1102 1573 1217 1636 Multis
1249 1573 1349 1636 rebus
1384 1574 1545 1637 Armenii

351 1695 526 1778 propiores
558 1693 689 1756 Parthis
720 1712 822 1774 quam
857 1691 1019 1756 Romanis
1050 1701 1157 1768 erant,
1189 1703 1224 1756 et
1254 1694 1405 1758 libertate
1428 1696 1548 1777 ignota

352 1815 431 1878 illuc
454 1814 561 1895 magis
585 1811 804 1876 inclinabant.
841 1813 939 1875 Nunc
964 1833 1032 1875 non
1057 1815 1125 1876 duo
1150 1813 1237 1876 inter
1260 1835 1296 1876 se
1321 1823 1548 1897 opponuntur

352 1936 498 2010 servitia,
530 1935 590 1998 sed
622 1935 769 2008 libertas,
800 1953 888 2014 quae
920 1934 1088 1997 sociorum
1118 1933 1236 2016 Populi
1261 1935 1407 1997 Romani
1431 1944 1483 1998 est
1509 1943 1547 1998 et

352 2055 525 2118 servitium
545 2055 666 2135 gentis,
687 2073 774 2135 quae
796 2052 927 2115 Parthis
939 2073 974 2115 se
988 2054 1151 2134 adiungit.
1177 2054 1268 2116 Bene
1283 2075 1353 2117 rem
1367 2057 1549 2136 perspexit

354 2174 412 2255 qui
445 2174 499 2236 hic
530 2173 709 2255 adscripsit
740 2173 789 2234 ad
814 2173 999 2247 servitium,
1031 2173 1091 2236 sed
1123 2174 1382 2236 annotationem
1412 2175 1486 2237 eius
1512 2176 1550 2237 in

353 2301 487 2356 textum
511 2293 615 2375 recipi
640 2312 708 2354 non
733 2292 925 2375 oportebat.

399 2412 443 2475 A.
477 2411 573 2487 Xlll,
604 2429 657 2490 40.
695 2411 750 2474 Ad
776 2375 1028 2494 confligebdum
1053 2432 1130 2474 cum
1156 2412 1328 2476 Armeniis
1352 2415 1552 2496 procedunt

357 2533 520 2596 Romani:

402 2653 460 2732 „ln
481 2651 640 2714 cornibus
659 2651 764 2733 pedes
784 2651 976 2732 sagittarius
996 2661 1031 2714 et
1043 2660 1157 2715 cetera
1172 2672 1290 2715 manus
1303 2653 1457 2734 equitum
1472 2654 1553 2720 ibat

347 2773 564 2857 productiore
586 2792 705 2834 cornus
727 2773 761 2834 in
783 2771 954 2836 sim'stroff’

399 2893 463 2956 Pro
487 2893 610 2955 vitiosa
631 2892 775 2955 Medicei
797 2885 943 2954 lect'ione
964 2893 1149 2955 deteriores
1170 2893 1334 2957 exhibent
1347 2895 1557 2974 productior

355 3034 457 3077 cornu
481 3013 515 3075 in
534 3013 681 3086 sinistro,
702 3011 863 3093 Agricola
877 3012 1092 3093 productiore
1111 3033 1212 3076 cornu
1232 3014 1369 3076 sinistro
1388 3014 1559 3092 coniecit,

357 3132 509 3215 Lipsius:
528 3132 743 3215 productiore
765 3152 922 3195 cornuum
946 3132 1092 3206 sinistro,
1119 3131 1348 3214 Nipperdeius
1370 3153 1451 3197 vero
1467 3146 1562 3217 pro-

356 3252 519 3315 ductiores
548 3252 582 3313 in
613 3251 760 3325 sinistro,
792 3270 879 3331 quae
911 3250 1063 3313 omnium
1093 3259 1144 3314 est
1169 3253 1315 3333 pessima
1339 3253 1560 3318 coniectura.

357 3370 425 3435 Sed
457 3389 568 3450 neque
600 3377 730 3432 ceteras
762 3370 951 3452 quisquam,
984 3379 1021 3432 ut
1052 3370 1183 3452 opinor,
1218 3371 1388 3452 probabit.
1437 3373 1563 3438 Unice

357 3509 473 3552 verum
506 3491 639 3554 videtur
670 3490 761 3570 quod
791 3490 850 3552 dat
875 3489 1047 3552 Halmius:
1066 3491 1282 3572 productiore
1306 3493 1455 3566 sinistro,
1481 3513 1565 3580 qua

356 3609 502 3672 lectione
532 3609 630 3672 simul
658 3609 832 3690 quomodo
857 3617 937 3671 nata
960 3609 1002 3670 sit
1029 3609 1174 3672 Medicei
1199 3609 1301 3673 lectio
1326 3610 1464 3693 patefit:
1496 3635 1567 3676 vo·

357 3729 515 3792 cabulum
543 3730 576 3791 in
601 3728 751 3810 margine
775 3729 984 3809 adscriptum
1009 3729 1055 3790 ita
1079 3729 1112 3791 in
1137 3737 1270 3792 textum
1295 3738 1346 3793 est
1371 3739 1567 3813 receptum

358 3859 395 3912 ut
430 3849 661 3931 dittographia
696 3847 809 3910 fieret:
845 3869 946 3910 cornu
982 3849 1032 3911 sin
1069 3849 1216 3922 sinistro,
1251 3849 1342 3912 unde
1378 3861 1570 3917 corrector

359 3969 498 4051 quidam
522 3968 639 4031 infelix
663 3989 782 4030 coruus
806 3969 839 4030 in
862 3968 999 4031 sinistro
1024 3966 1132 4031 finxit.

404 4089 448 4151 id.
473 4087 622 4152 Corbulo
647 4107 761 4149 secum
785 4087 828 4148 de
850 4087 934 4149 urbe
960 4087 1137 4150 Artaxatis
1161 4088 1312 4170 petenda
1332 4089 1439 4171 agitat
1461 4102 1572 4157 ratus

360 4208 439 4270 illuc
463 4207 639 4270 Tiridaten
664 4208 888 4270 concessisse:

410 4328 517 4408 „Dein
554 4335 734 4408 postquam
766 4325 1000 4409 exploratores
1033 4327 1177 4391 attulere
1209 4328 1432 4410 longinquum
1470 4337 1574 4416 regis

363 4448 492 4508 iter...
524 4445 633 4509 lucem
665 4447 857 4529 opperitur;
891 4449 1144 4529 praemissaque
1169 4449 1234 4511 levi
1259 4457 1439 4524 armatura,
1469 4472 1572 4536 quae
