3258 5240
886 1390 947 1454 VI.

366 1617 524 1699 Pergenti
549 1617 631 1680 mihi
655 1616 910 1680 observationes
934 1617 1092 1679 Taciteas
1116 1617 1148 1678 in
1172 1615 1283 1678 lucem
1304 1616 1405 1678 edere
1425 1615 1516 1697 opti·

323 1755 414 1798 mum
446 1735 536 1798 sactu
569 1737 704 1799 videtur
735 1735 904 1818 paulisper
935 1736 978 1798 ad
1009 1756 1050 1798 ea
1078 1755 1165 1817 quae
1190 1734 1322 1818 prolata
1346 1735 1411 1797 iarn
1436 1743 1517 1797 sunt

322 1855 441 1930 redire,
473 1855 592 1937 hisque
623 1856 749 1918 addere
781 1858 959 1937 quaedam,
992 1876 1079 1938 quae
1108 1863 1188 1918 tunc
1214 1856 1326 1930 omisi;
1351 1855 1398 1919 sic
1423 1857 1516 1919 enirn

269 1981 271 1984 ’
321 1995 400 2057 spes
424 1983 475 2037 est
499 1974 570 2038 fore
594 1983 630 2036 ut
650 1983 773 2057 sponte
793 1997 829 2038 se
849 1975 930 2038 mihi
951 1975 1071 2039 offerat
1091 1976 1287 2059 disputandi
1308 1996 1424 2039 cursus
1444 1977 1517 2059 qui·

322 2095 401 2157 dam
426 2115 536 2176 neque
559 2097 705 2178 ineptus,
731 2115 840 2178 neque
864 2097 1015 2178 ingratus
1039 2096 1078 2158 iis
1102 2095 1159 2177 qui
1185 2115 1239 2158 me
1260 2104 1338 2158 sunt
1357 2097 1517 2171 secuturi,

321 2214 449 2297 quippe
473 2215 531 2296 qui
554 2214 687 2297 placide
711 2214 884 2278 ambulare
905 2215 1023 2279 malint
1043 2235 1144 2297 quam
1165 2235 1307 2298 magnos
1327 2216 1518 2278 identidem

323 2333 433 2396 lacere
457 2334 571 2398 saltus.
597 2335 696 2398 Dabo
717 2355 797 2416 ergo
818 2355 957 2417 operam
979 2344 1025 2410 ut,
1046 2344 1212 2417 quantum
1234 2336 1267 2397 in
1288 2343 1384 2398 tanta
1404 2355 1517 2400 rerum

323 2454 519 2516 diversitate
543 2453 614 2516 fieri
639 2455 755 2535 possit,
780 2455 894 2517 omnia
918 2455 1037 2517 ordine
1057 2454 1256 2537 procedant.

368 2573 566 2655 Agebamus
590 2583 704 2637 autem
729 2594 805 2657 pag.
836 2591 890 2638 101
919 2593 969 2656 sq.
991 2575 1035 2637 de
1055 2575 1191 2657 navigio
1211 2575 1268 2637 illo
1288 2575 1381 2656 quod
1401 2577 1521 2638 matris

323 2693 531 2757 occidendae
564 2713 664 2756 causa
686 2694 885 2756 struendum
910 2713 1042 2756 curasse
1069 2693 1160 2756 Nero
1186 2701 1339 2755 narratur
1362 2693 1407 2755 A.
1433 2693 1521 2756 XIV

323 2834 351 2876 c.
379 2831 397 2894 3
422 2833 496 2896 sqq.
530 2813 592 2874 Est
616 2812 769 2894 prolecto
802 2813 1012 2894 ineptissima
1043 2820 1116 2874 tota
1143 2813 1207 2874 ista
1232 2812 1390 2886 narrati0,
1415 2831 1521 2893 quarn

324 2934 518 2996 etiamnunc
549 2954 569 2996 a
601 2933 680 2995 viris
711 2933 822 2994 doctis
853 2953 963 3014 aequo
994 2932 1109 2995 animo
1140 2929 1217 2994 ferri
1250 2931 1320 2993 iure
1348 2932 1520 2994 miremur.

324 3053 527 3116 Graecarum
552 3052 723 3115 literarum
748 3052 894 3114 cultores
915 3053 941 3114 si
963 3051 996 3114 in
1018 3051 1111 3115 libris
1130 3071 1216 3133 quos
1236 3051 1412 3114 excutiunt
1433 3051 1520 3113 eius·

324 3173 415 3238 modi
436 3171 562 3253 aliquid
583 3172 802 3246 invenissent,
824 3172 963 3247 dudum,
986 3180 1023 3234 ut
1043 3171 1173 3253 opinor,
1195 3170 1238 3233 ab
1259 3171 1416 3233 omnibus
1428 3179 1519 3234 esset

324 3290 512 3374 explosum.
545 3289 628 3372 Quis
659 3293 759 3366 enim,
784 3300 820 3353 ut
845 3311 889 3353 ex
912 3291 1095 3353 innumeris
1119 3288 1286 3372 exemplis
1309 3310 1413 3353 unum
1438 3289 1519 3352 affe·

324 3431 406 3486 ram,
427 3431 503 3474 cum
525 3412 629 3473 vitam
650 3411 822 3493 Euripidis
842 3409 909 3492 (Di.
933 3411 967 3472 P.
981 3407 1014 3472 S.
1030 3409 1069 3472 G.
1092 3431 1125 3491 p.
1152 3423 1186 3488 15
1209 3410 1297 3491 sqq.)
1318 3429 1519 3491 percurrens

324 3532 357 3593 in
383 3529 506 3593 haecce
531 3529 664 3592 incidit:

367 3647 495 3727 λέγουσι
527 3648 557 3713 δὲ
591 3645 637 3712 ὅτι
670 3648 703 3711 οἱ
734 3654 882 3724 γυναῖκες
917 3645 967 3710 διὰ
998 3646 1069 3717 τοὺς
1104 3643 1237 3726 ψόγους,
1269 3645 1318 3717 οὓς
1347 3645 1442 3710 ἐποίει
1471 3647 1518 3719 εἰς

323 3772 425 3844 αὐτὰς
460 3771 510 3836 leri
546 3776 604 3834 τῶν
637 3767 831 3847 ποιημάτων,
865 3776 929 3840 τοῖς
963 3769 1187 3850 Θεσμοφορίοις
1222 3768 1400 3842 ἐπέστησαν
1432 3766 1518 3847 αὐτῷ

324 3889 515 3969 βουλόμενον
540 3891 673 3969 ἀνελεῖν,
700 3887 866 3971 ἐφοίοοιντο
891 3889 922 3954 δὲ
943 3890 1040 3953 αὐτοῦ
1061 3893 1177 3968 πρῶτον
1198 3889 1255 3967 μὲν
1277 3888 1327 3952 διὰ
1348 3885 1408 3960 τὰς
1430 3887 1518 3952 Μού-

323 4033 395 4080 οοις,
422 4006 533 4073 ἔπειτα
558 4009 588 4074 δὲ
613 4009 876 4088 βεβονωοοιμένον
900 4009 1013 4086 μηκέτι
1040 4008 1141 4080 αὐτοις
1167 4015 1270 4080 κακῶς
1295 4008 1372 4087 ἐρεῖν

325 4151 392 4193 non
429 4129 481 4193 vel
518 4130 630 4192 ridens
665 4130 718 4192 vel
751 4131 1025 4214 indignabundus
1056 4130 1224 4193 misellum
1256 4130 1518 4213 grammaticum

326 4249 489 4313 lacessere
525 4249 630 4324 iubet,
665 4250 723 4331 qui
759 4251 850 4332 quod
882 4249 992 4313 facete
1024 4251 1153 4312 iocatus
1185 4257 1236 4312 est
1267 4247 1520 4330 Aristophanes

325 4375 498 4450 tamquam
523 4387 594 4431 rem
618 4387 705 4450 quae
729 4388 845 4432 revera
869 4368 1021 4431 evenerit
1050 4365 1182 4430 tradat?
