3258 5240
714 455 755 520 39

186 611 325 676 Addam
351 614 520 695 quaedam
544 615 587 676 de
611 613 687 677 loco
712 617 835 678 diversi
859 617 1000 698 generis,
1026 617 1150 698 inquo
1171 616 1262 678 nulla
1282 626 1333 680 est

137 733 239 817 culpa
258 733 441 815 scriptoris
462 733 589 797 nullum
610 733 736 797 librarii
757 736 886 810 vitium,
904 736 961 819 qui
974 743 1088 798 tamen
1102 743 1153 798 est
1166 737 1332 798 eiusmodi

136 861 174 914 ut
195 852 306 915 obiter
325 851 478 934 legentes
498 852 595 916 facile
615 855 649 916 in
670 875 819 918 errorem
840 855 970 937 possint
991 854 1115 919 induci.
1130 853 1236 918 Simul
1251 855 1332 918 mihi

136 971 280 1054 praebet
301 970 497 1066 facultatem
516 974 559 1036 ad
574 973 817 1036 Woelfflinium
830 975 1006 1050 redeundi,
1020 994 1039 1036 a
1052 975 1146 1037 cuius
1159 974 1332 1055 praeclaro

137 1092 280 1153 invento
305 1099 380 1154 tota
403 1091 487 1154 haec
512 1101 563 1154 est
588 1091 740 1176 prosecta
765 1094 962 1176 disputatio.
988 1093 1050 1156 Est
1075 1093 1118 1155 H.
1145 1092 1205 1168 IV,
1230 1110 1282 1176 79.

183 1210 454 1294 Agrippinenses
466 1213 627 1275 auxilium
642 1212 806 1295 petebant
819 1233 839 1275 a
852 1212 1005 1288 Cereale;
1021 1212 1155 1275 interim
1165 1212 1230 1274 iam
1241 1232 1332 1276 com-

140 1331 302 1393 miserant
326 1331 360 1393 id
386 1334 477 1413 quod
498 1330 655 1394 effecerat
678 1340 714 1394 ut
735 1352 845 1415 neque
865 1334 978 1394 denuo
998 1351 1074 1395 cum
1095 1331 1201 1395 Civile
1222 1331 1332 1395 lacere

139 1459 280 1532 possent
302 1459 337 1512 et
355 1451 442 1513 illius
462 1451 695 1514 Romanorum
715 1451 829 1515 auxilii
846 1472 948 1533 quam
963 1453 1109 1514 maxime
1122 1452 1331 1533 indigerent:

139 1567 330 1632 Germanos
342 1569 432 1632 enim
444 1570 610 1652 dispersos
621 1571 656 1633 in
664 1570 812 1634 dumibus
820 1571 1082 1634 trucidaverant.
1093 1570 1169 1634 Hoc
1179 1580 1229 1635 est
1239 1573 1331 1654 quod

138 1690 341 1752 nostratium
355 1689 536 1772 proverbio
549 1689 687 1753 dicitur:
694 1702 779 1772 pone
791 1702 922 1773 tergum
935 1712 1035 1754 naves
1045 1712 1125 1754 snas
1133 1691 1331 1754 comburere.

138 1809 268 1874 Cavete
293 1830 381 1873 nunc
405 1810 468 1872 sibi
490 1809 663 1873 debebant
684 1812 879 1893 priusquam
900 1832 919 1873 a
938 1811 1035 1874 clade
1055 1820 1197 1894 accepta
1217 1812 1332 1874 hostes

136 1929 324 2011 (Germani)
352 1929 534 2011 „reparatis
559 1929 685 1992 viribus
708 1930 750 1991 ad
776 1949 873 2012 spem
899 1930 951 1992 vel
972 1931 1014 1992 ad
1037 1931 1200 1993 ultionem
1221 1931 1331 1993 accin-

136 2047 331 2132 gerentur'’.
357 2049 514 2132 Namque
539 2049 606 2111 iam
631 2047 808 2112 Coloniam
832 2050 1019 2114 intenderat
1042 2051 1074 2132 (i.
1099 2071 1128 2112 e.
1153 2051 1331 2114 consilium

136 2177 278 2252 ceperat
297 2189 339 2231 eo
360 2168 475 2249 eundi)
495 2167 611 2231 Civilis
631 2187 706 2229 curn
728 2167 867 2230 cohorte
889 2169 1021 2250 integra
1036 2168 1183 2251 bellique
1197 2171 1331 2252 cupida,

135 2309 227 2371 quae
247 2287 401 2351 Tolbiaci
422 2287 557 2370 agebat.
579 2285 647 2350 Sed
668 2287 773 2349 tristis
792 2288 929 2350 nuntius
949 2308 1027 2351 eum
1046 2289 1090 2351 ab
1111 2288 1176 2352 hoc
1189 2289 1332 2353 abduxit

135 2409 331 2492 proposito:
352 2408 501 2470 deletam
522 2407 697 2470 cohortem
717 2406 790 2470 delo
809 2409 1112 2490 Agrippinensium,
1133 2409 1191 2489 qui
1214 2408 1332 2490 „largis

135 2527 248 2610 epulis
272 2529 418 2609 vinoque
442 2527 572 2609 sopitos
593 2525 790 2600 Germanos
811 2527 931 2589 clausis
951 2525 1086 2601 foribus
1108 2529 1185 2609 igne
1206 2527 1332 2590 iniecto

135 2645 365 2712 cremavere”.
387 2646 489 2709 Haud
509 2645 612 2708 dubie
633 2645 676 2707 de
697 2645 822 2726 duplici
844 2645 1091 2709 Germanorum
1104 2647 1208 2708 caede
1221 2666 1332 2709 sermo

135 2769 195 2832 hic
224 2776 286 2842 est,
311 2787 389 2830 nam
414 2766 523 2848 primo
545 2765 674 2828 dz'versi
694 2765 856 2829 trucidati
878 2764 1037 2828 Germani
1062 2767 1228 2840 dicuntur,
1253 2766 1332 2828 dein

134 2887 316 2952 cohortem
341 2893 524 2948 crematam
550 2883 678 2948 foribus
701 2883 822 2947 clausis
842 2885 994 2967 legimus,
1018 2885 1075 2948 ubi
1100 2906 1179 2968 ergo
1200 2887 1242 2948 de
1264 2906 1331 2948 uno

134 3008 378 3072 tantummodo
398 3026 509 3069 sermo
530 3014 581 3067 est
601 3004 767 3067 aedificio.
788 3004 896 3086 Atqui
918 3004 1040 3067 hostile
1061 3003 1189 3067 facinus
1204 3027 1226 3068 a
1241 3005 1302 3070 Col
1319 3041 1331 3052 ·

134 3131 214 3192 niae
232 3127 345 3190 incolis
359 3128 520 3189 adversus
538 3124 726 3187 Germanos
738 3123 955 3187 commissum
969 3125 1082 3205 potius
1094 3144 1136 3186 eo
1148 3125 1331 3188 advocatu·

135 3267 213 3310 rum
237 3255 309 3309 erat
333 3245 476 3310 Civilem
500 3265 601 3327 quam
626 3244 705 3307 inde
730 3263 935 3306 aversurum.
958 3241 1088 3308 Cohors
1108 3244 1164 3308 illa
1184 3258 1331 3310 cremata

134 3367 260 3431 eadem
284 3375 334 3428 est
358 3385 502 3447 quacum
526 3363 703 3428 Coloniam
727 3364 919 3425 tetenderat
944 3362 1071 3439 Civilis;
1099 3374 1267 3428 crematur
1291 3387 1331 3429 ea

135 3485 304 3560 Tolbiaci,
329 3485 388 3548 sed
412 3483 485 3547 dolo
507 3483 800 3566 Agrippinensium
826 3481 906 3544 illud
932 3481 1059 3546 sactum
1083 3493 1175 3546 recte
1199 3486 1330 3560 dicitur,

135 3607 301 3690 quoniam
332 3604 366 3666 in
389 3602 515 3688 finibus
546 3602 839 3684 Agrippinensium
871 3603 974 3664 situm
998 3611 1048 3664 est
1071 3603 1272 3666 Tolbiacum
1297 3613 1332 3667 et

135 3725 381 3788 Tolbiacenses
411 3722 473 3804 ipsi
505 3729 582 3784 sunt
614 3721 893 3803 Agrippinenses.
926 3719 1026 3783 Hunc
1058 3741 1194 3802 quoque
1218 3720 1330 3784 locum

133 3845 259 3926 aliquis
283 3850 452 3925 proponat
476 3841 647 3903 literarum
670 3838 769 3902 alicui
792 3839 954 3912 studios0,
981 3838 1135 3920 quamvis
1155 3848 1330 3920 provecto,

133 3963 198 4026 sed
225 3962 281 4044 qui
306 3962 340 4023 in
364 3960 485 4023 Tacito
510 3959 634 4042 hospes
658 3959 762 4020 etiam
782 3966 849 4032 est;
872 3957 982 4019 mirari
1004 3978 1086 4019 mox
1105 3959 1237 4022 desinet
1257 3958 1331 4022 Plu·

134 4081 269 4154 tarcho,
294 4100 372 4144 cum
396 4081 439 4142 de
461 4078 622 4141 militibus
643 4075 754 4140 urbem
774 4074 1009 4157 Palatiumqne
1029 4079 1224 4160 petentibus
1244 4080 1332 4162 lege-

135 4209 200 4276 ret,
227 4201 261 4262 in
286 4207 435 4264 mentem
461 4217 529 4261 non
553 4197 685 4260 venisse
710 4196 752 4256 de
778 4195 1000 4277 praetorianis
1024 4197 1088 4280 agi.
