3266 5238
905 429 966 476 110

382 589 541 672 Quaesivi
573 611 641 672 quo
672 592 776 654 modo
807 591 892 654 haec
922 591 1010 654 inter
1041 611 1076 653 se
1108 590 1339 653 cohaererent.
1368 590 1525 653 Tandem

337 710 425 772 hanc
457 729 530 772 esse
561 710 671 772 Taciti
702 717 853 773 mentem
877 710 1047 774 intellexi:
1075 730 1301 794 „quamquam
1326 710 1390 773 illis
1415 712 1528 773 matri·

339 829 444 891 monii
475 829 638 910 regnique
669 829 788 892 vinclis
818 829 853 892 id
885 829 1044 893 effectum
1074 819 1181 892 videri
1212 839 1347 912 poterat
1380 839 1417 894 ut
1442 831 1529 894 inter

338 948 457 1012 fratres
481 967 581 1010 nemo
606 956 695 1010 esset
717 948 812 1010 cuius
835 968 1042 1032 magnopere
1066 949 1244 1012 interesset
1267 951 1342 1032 quis
1363 959 1529 1032 regnaret,

339 1088 441 1130 nemo
475 1067 532 1149 qui
567 1067 700 1150 imperii
736 1068 915 1131 obtinendi
950 1088 1050 1132 causa
1085 1068 1224 1132 insidias
1259 1078 1403 1132 strueret
1439 1068 1530 1132 fratri

339 1187 494 1270 regnanti
518 1223 562 1232 —
586 1195 620 1249 et
651 1187 717 1250 hoc
742 1187 962 1269 praecipuum
987 1196 1039 1250 est
1062 1189 1254 1270 principum
1278 1189 1464 1270 periculum
1489 1225 1531 1236 --

340 1316 455 1370 tamen
479 1305 560 1369 nulli
584 1325 701 1369 eorum
725 1305 921 1370 diuturnum
947 1305 1008 1369 suit
1028 1307 1240 1389 imperium”.

386 1426 477 1489 Ann.
499 1425 559 1500 IV,
586 1443 634 1508 19.
657 1425 807 1488 Invisum
826 1426 890 1488 sibi
911 1425 1030 1491 Silium
1051 1447 1145 1490 reum
1165 1427 1237 1490 fieri
1250 1428 1344 1510 cupit
1356 1427 1528 1491 Tiberius:

389 1545 643 1626 „immissusque
674 1545 784 1608 Varro
815 1545 944 1620 consul,
975 1547 1032 1627 qui
1065 1555 1223 1629 paternas
1254 1547 1447 1610 inimicitias
1472 1548 1530 1610 ob

340 1665 486 1728 tendens
509 1665 595 1728 odiis
619 1663 731 1729 Seiani
756 1685 817 1747 per
840 1665 989 1728 dedecus
1013 1683 1110 1728 suurn
1134 1666 1421 1748 gratificabatur”.

386 1785 531 1867 Insignis
555 1783 610 1847 hic
632 1784 726 1847 locus
750 1793 801 1847 est
824 1785 867 1847 ad
892 1785 1195 1849 demonstrandum
1219 1795 1430 1870 quantopere
1455 1808 1530 1850 cum

342 1904 554 1987 temporibus
577 1912 751 1967 mutentur
774 1923 895 1966 mores
921 1905 1009 1967 Nam
1031 1925 1129 1980 nunc,
1152 1905 1261 1987 primo
1281 1914 1431 1988 aspectu,
1453 1907 1533 1969 stul·

341 2033 396 2088 tus
416 2033 451 2086 et
471 2025 606 2106 ineptus
626 2022 724 2087 nobis
745 2023 799 2086 ille
820 2023 963 2098 videtur,
977 2023 1045 2106 qui,
1060 2044 1102 2087 ne
1116 2044 1234 2106 parum
1247 2025 1390 2088 idoneus
1403 2026 1533 2089 dicatur

343 2152 528 2218 accusator,
573 2143 765 2206 inimicitias
806 2143 958 2207 obtendat
991 2152 1026 2206 et
1060 2143 1192 2208 simulet
1226 2153 1395 2226 paternas,
1430 2154 1533 2227 atque

348 2272 501 2345 „tantum
523 2261 642 2326 abest'’
666 2261 787 2344 aliquis
810 2262 934 2325 dixerit
963 2271 1019 2342 „ut
1043 2263 1208 2326 eiusmodi
1233 2264 1301 2326 sint
1319 2264 1536 2328 obtendendae

343 2383 550 2456 inimicitiae,
581 2390 618 2444 ut
649 2381 771 2464 potius,
800 2382 827 2444 si
852 2402 969 2444 revera
991 2383 1115 2458 adsint,
1140 2384 1233 2445 omni
1258 2384 1361 2447 modo
1385 2384 1459 2447 illas
1481 2405 1536 2448 ac·

344 2511 478 2565 cusator
507 2500 721 2564 dissimulare
751 2500 877 2564 debeat
909 2521 951 2563 ne
982 2503 1053 2565 iure
1084 2501 1285 2566 reiiciatur’'.
1318 2503 1428 2567 Varro
1453 2525 1533 2567 vero

343 2629 395 2684 est
429 2641 473 2683 ex
508 2639 650 2682 numero
679 2619 890 2682 obiectorum
922 2621 1062 2682 istorum
1094 2620 1269 2684 hominum
1300 2623 1358 2704 qui
1389 2622 1532 2686 aliorum

343 2741 499 2824 periculis
534 2749 570 2802 et
604 2739 755 2822 pernicie
795 2759 946 2803 crescere
983 2741 1118 2816 volunt;
1160 2750 1297 2804 accusat
1332 2762 1412 2824 ergo
1448 2764 1534 2826 quos

345 2861 486 2926 Seianus
510 2861 652 2944 perdere
676 2860 770 2942 cupit
794 2868 914 2941 estque
936 2860 1125 2924 simillimus
1148 2861 1416 2926 Atheniensibus
1435 2884 1534 2945 syco-

347 2982 497 3063 phantis;
534 2999 614 3062 ergo
649 2978 782 3042 illorum
818 2979 923 3042 utitur
957 2999 1122 3054 sermone,
1159 2981 1217 3062 qui
1252 3001 1354 3063 quam
1387 2985 1534 3046 maxime

346 3107 503 3162 metuunt
533 3119 575 3161 ne
605 3099 839 3181 sycophantae
871 3099 1059 3162 videantur.
1091 3098 1153 3164 cff.
1182 3100 1308 3183 Lysiae
1332 3111 1366 3164 et
1390 3101 1445 3165 alii
1470 3103 1535 3166 loci

346 3227 381 3280 et
404 3216 459 3280 hic
483 3216 579 3291 XIV,
601 3233 637 3280 2:
659 3217 719 3293 ἐγὼ
740 3215 855 3291 μέντοι,
875 3212 896 3280 ὦ
916 3215 1022 3296 ἄνδρες
1043 3217 1202 3298 δικασταί,
1223 3219 1277 3283 καὶ
1298 3219 1440 3300 πρότερον
1462 3221 1534 3300 πρὸς

346 3333 416 3404 τοὺς
448 3333 588 3413 πατέρας
608 3333 629 3418 ¹)
662 3336 734 3409 ἡμῖν
767 3335 919 3414 διαφορᾶς
956 3335 1169 3416 ὑπαρχούσης,
1201 3337 1254 3400 καὶ
1287 3335 1390 3402 πάλαι
1427 3344 1535 3403 τοῦτον

347 3455 453 3535 ἐχθρὸν
477 3451 646 3532 ἡγούμενος
661 3503 757 3519 .....
771 3453 959 3534 πειράσομαι
984 3455 1110 3520 πάντων
1128 3461 1187 3520 τῶν
1212 3457 1443 3537 πεπραγμένων
1465 3461 1536 3535 μεθ’

348 3575 430 3650 ὑμῶν
453 3575 548 3639 αὐτὸν
571 3573 817 3654 τιμωρήσασθαι.

385 3804 411 3870 1)
429 3805 516 3854 Verba
532 3804 691 3855 dubitationi
713 3803 829 3854 obnoxia
846 3810 907 3852 sunt
925 3801 1095 3869 (quamquam
1114 3805 1171 3870 ipse
1191 3805 1254 3871 quin
1277 3821 1335 3856 cum
1356 3807 1537 3873 Frohbergero

346 3890 404 3951 πρὸς
422 3889 533 3952 πατέρων
550 3892 691 3958 legendum
709 3891 743 3941 sit
760 3908 812 3940 non
828 3890 933 3958 dubito)
951 3891 996 3940 sed
1015 3892 1146 3941 sententia
1164 3893 1315 3943 certissima.
