3266 5238
891 414 934 482 70

316 581 474 655 editores,
496 588 572 662 post
593 580 767 662 epularum
787 579 955 661 ponimus,
976 588 1011 642 et
1030 581 1248 642 recordamur
1266 599 1368 661 quam
1389 598 1508 661 parurn

314 701 358 763 sit
388 700 582 782 emphatica
608 699 699 781 apud
723 697 881 762 Tacitum
906 698 1070 782 particula
1094 711 1163 775 aut,
1187 699 1397 781 aptissimam
1420 699 1508 762 hanc

314 821 539 884 nanciscimur
558 820 779 884 sententiam:
801 821 905 883 modo
926 841 1007 903 prae
1023 820 1132 903 epulis
1147 821 1214 883 suis
1229 821 1395 883 stationes
1410 822 1508 884 omit-

314 940 443 1014 tebant,
471 941 573 1003 modo
598 939 655 1002 illo
680 948 836 1021 tempore
860 940 926 1002 iam
950 939 1035 1002 ebrii
1059 939 1341 1022 procumbebant.

381 1061 473 1123 Ann.
507 1059 567 1135 XI,
601 1061 653 1123 28.
685 1060 814 1142 (Allato
846 1079 979 1123 rumore
1007 1060 1050 1122 de
1078 1060 1204 1143 nuptiis
1226 1060 1299 1122 istis
1324 1058 1396 1123 Silii
1421 1060 1509 1122 Mes-

313 1180 517 1261 salinaeque,
550 1178 681 1243 Claudii
712 1178 834 1252 liberti,
866 1199 946 1242 suae
979 1187 1169 1242 metuentes
1200 1180 1386 1261 potentiae,
1418 1198 1509 1241 acer·

317 1299 453 1362 bissime
477 1301 510 1361 in
536 1298 752 1361 Messalinam
777 1299 1011 1380 invehunturl:

364 1416 526 1498 ,Subibat
557 1419 628 1480 sine
657 1417 761 1481 dubio
790 1427 899 1481 metus
924 1425 1121 1500 reputantes
1144 1417 1305 1480 hebetem
1329 1416 1507 1481 Claudiurn

315 1546 350 1600 et
381 1539 479 1602 uxori
510 1538 706 1602 devinctum
739 1539 928 1620 multasque
961 1547 1087 1602 mortes
1110 1539 1200 1601 iussu
1225 1537 1427 1601 Messalinae
1452 1558 1510 1620 pa-

316 1667 431 1721 tratas.
464 1659 591 1721 Rursus
621 1659 695 1740 ipsa
725 1656 869 1721 facilitas
900 1659 1113 1739 imperatoris
1144 1658 1303 1721 fiduciam
1335 1658 1449 1732 dabat,
1481 1659 1510 1720 si

315 1779 494 1840 atrocitate
526 1778 674 1840 criminis
706 1776 982 1859 praevaluissent,
1015 1796 1114 1859 posse
1142 1777 1289 1859 opprimi
1312 1777 1511 1839 damnatam

316 1906 395 1960 ante
427 1916 530 1978 quam
559 1915 666 1972 ream:
691 1898 751 1960 sed
777 1898 809 1959 in
834 1916 876 1958 co
900 1896 1080 1960 discrimen
1105 1897 1201 1970 verti,
1225 1897 1252 1958 si
1277 1895 1429 1958 defensio
1453 1916 1512 1959 au·

316 2017 443 2079 ditetur
468 2024 573 2097 utque
597 2015 729 2080 clausae
753 2036 850 2079 aures
873 2016 975 2078 etiam
1000 2014 1176 2077 confitenti
1201 2012 1344 2077 forent”.

363 2135 427 2199 Hic
459 2137 574 2199 omnia
601 2136 862 2211 confunduntur,
892 2156 1002 2218 neque
1025 2135 1093 2198 ulla
1116 2135 1311 2217 agnoscitur
1333 2134 1514 2216 cogitatio·

318 2276 399 2319 num
430 2256 782 2338 deliberationumque
809 2257 922 2331 serieS,
948 2255 1009 2318 nisi
1033 2255 1115 2337 quid
1140 2255 1182 2317 sit
1205 2255 1275 2318 sine
1297 2254 1393 2318 dubio
1417 2263 1513 2318 tene·

319 2395 407 2439 mus:
443 2377 638 2440 concedentis
672 2376 754 2439 illud
784 2384 845 2438 est.
878 2373 934 2439 Sic
966 2375 1057 2438 enim
1088 2375 1239 2458 disputat
1271 2374 1428 2437 Tacitus:
1463 2375 1511 2454 ,si

317 2496 391 2576 quis
413 2515 467 2558 me
487 2505 598 2578 roget:
619 2515 731 2558 nonne
753 2515 834 2578 ergo
854 2495 1071 2558 Messalinam
1090 2494 1203 2558 liberti
1224 2495 1277 2558 isti
1299 2493 1511 2568 metuebant,

318 2614 559 2696 respondeam:
586 2614 740 2696 profecto
766 2614 965 2678 metuebant
988 2634 1073 2689 eam,
1098 2615 1157 2677 sed
1182 2634 1211 2676 e.
1236 2634 1269 2695 q.
1293 2611 1341 2676 S.”

362 2733 462 2816 Quod
497 2744 612 2798 autem
646 2736 690 2798 ad
725 2734 806 2797 illud
842 2746 939 2816 utque
973 2734 1131 2817 pertinet,
1166 2733 1333 2796 brevitate
1370 2731 1513 2794 Tacitca

317 2854 465 2937 positum
489 2863 607 2917 censet
631 2854 860 2936 Nipperdeius
884 2853 949 2916 hoc
968 2873 1083 2916 sensu:
1109 2862 1162 2933 „et
1181 2853 1273 2934 quod
1295 2850 1511 2914 efficiendum

317 2982 406 3038 esset
439 2982 476 3037 ut
500 2972 585 3037 ...’'.
617 2972 685 3038 Sed
717 2981 787 3036 tam
816 2981 972 3035 contorte
1000 2971 1152 3035 locutum
1175 2970 1333 3033 Tacitum
1358 2971 1416 3032 vix
1438 2988 1512 3032 cre·

317 3092 431 3167 dibile,
463 3102 565 3174 atque
597 3093 686 3156 istud
717 3104 749 3156 et
777 3092 866 3173 quod
893 3112 1010 3174 parum
1041 3099 1161 3173 aptum
1187 3099 1239 3153 est
1266 3069 1436 3152 vinculum
1463 3089 1508 3150 ad

316 3212 493 3292 sequentia
515 3213 730 3275 annectenda
754 3211 1047 3293 praecedentibus.
1073 3210 1164 3292 Ergo
1187 3210 1234 3273 sic
1259 3210 1373 3291 potius
1395 3208 1509 3271 locum

318 3330 485 3414 explicem
516 3341 553 3394 ut
583 3331 694 3395 dicam
726 3332 759 3394 in
788 3351 871 3394 voce
896 3331 1073 3394 discrimen
1097 3351 1169 3394 esse
1194 3341 1298 3393 metus
1322 3329 1508 3402 notionem,

318 3471 466 3533 ergoque
490 3463 587 3533 utque
606 3471 677 3514 esse
698 3451 718 3513 i.
740 3471 773 3532 q.
793 3463 826 3514 et
844 3471 883 3514 ne
901 3471 962 3513 non
978 3448 1010 3530 ¹).
1033 3449 1108 3512 Hoc
1129 3449 1230 3530 igitur
1249 3447 1332 3511 dicit
1352 3446 1508 3509 Tacitus:

320 3571 372 3652 „in
405 3591 446 3634 eo
478 3571 658 3634 discrimen
687 3570 883 3632 vertebatur
904 3570 931 3632 si
956 3569 1108 3632 defensio
1131 3568 1314 3642 audiretur,
1340 3566 1416 3649 (hoc
1440 3586 1510 3628 me-

316 3690 486 3772 tuebatur)
512 3712 554 3754 ne
578 3710 647 3753 non
669 3689 802 3753 clausae
823 3709 919 3752 aures
939 3689 1043 3751 etiam
1061 3687 1238 3750 confitenti
1257 3686 1403 3762 essent”,
1422 3687 1510 3750 sive:

321 3831 377 3889 „ne
401 3821 557 3892 paterent
585 3829 682 3873 aures
713 3808 844 3873 Claudii
872 3809 975 3870 etiam
1006 3805 1215 3870 confitenti”.
1248 3803 1388 3888 Optime
1417 3806 1508 3869 inter

317 3948 353 3990 se
385 3938 604 4011 opponuntur
634 3929 665 3992 si
694 3928 841 4011 defensio
863 3928 1041 3992 audiretur
1065 3935 1099 3988 et
1122 3927 1222 3989 etiam
1246 3925 1412 4009 confitenti
1433 3925 1453 3987 i.
1478 3945 1510 3987 e.

318 4065 386 4107 non
405 4066 441 4108 se
462 4046 659 4134 defendenti
678 4049 738 4110 sed
758 4047 957 4129 simpliciter
973 4045 1151 4109 confitenti
1171 4053 1206 4106 et
1226 4043 1273 4106 nil
1293 4043 1354 4105 nisi
1375 4043 1512 4106 veniam

318 4165 458 4246 petenti.
492 4163 557 4226 Hic
585 4174 657 4228 erat
685 4168 793 4229 omnis
817 4166 1014 4228 libertorum
1040 4173 1166 4228 metus:
1192 4183 1235 4226 ne
1260 4163 1513 4226 nancisceretur

356 4415 381 4480 1)
401 4414 441 4464 Cf.
461 4415 521 4464 Seu.
540 4414 590 4480 Ep.
613 4427 653 4480 19,
671 4415 702 4464 6:
723 4415 872 4479 „Sollicitus
890 4423 929 4464 est
947 4423 975 4464 ut
995 4429 1017 4463 e.
1037 4429 1063 4479 q.
1083 4430 1103 4462 s.
