3248 5230
870 463 935 530 270

344 623 388 686 H.
414 624 456 699 ΙΙ,
483 641 512 686 2.
543 622 641 687 Titus
666 624 905 707 Vespasianus,
936 645 955 688 a
985 633 1080 708 patre
1105 627 1251 689 Romam
1274 626 1318 689 ad
1344 626 1489 690 Galbam

299 743 418 806 missus
436 742 490 805 vel
511 743 611 806 officii
632 764 732 808 causa
750 745 802 808 vel
823 765 883 827 spe
902 745 1108 829 adoptionis,
1129 745 1282 810 Corinthi
1296 747 1339 810 de
1352 748 1489 811 interitu

298 863 511 946 imperatoris
542 865 665 927 certior
693 863 800 927 factus
823 883 938 927 secum
964 865 1130 928 deliberat
1153 875 1317 948 pergatne
1343 865 1489 930 Romam

298 1003 341 1046 an
372 984 416 1046 ad
448 991 585 1065 patrem*
612 984 746 1060 redeat;
778 985 918 1047 tandem
950 983 1059 1047 redire
1083 985 1245 1062 decernit,
1271 987 1373 1068 idque
1398 986 1489 1050 haud

299 1123 401 1165 unam
425 1103 471 1166 ob
495 1123 648 1166 causam:

347 1222 528 1302 „Fuerunt
548 1225 606 1303 qui
626 1243 806 1286 accensum
828 1224 996 1288 desiderio
1010 1224 1187 1287 Berenices
1199 1225 1336 1307 reginae
1349 1226 1490 1288 vertisse

298 1343 361 1404 iter
381 1343 577 1425 crederent;
599 1363 709 1424 neque
729 1342 935 1406 abhorrebat
955 1363 974 1406 a
994 1342 1155 1406 Berenice
1175 1343 1330 1406 iuvenilis
1347 1345 1489 1419 animus,

299 1463 358 1524 sed
383 1462 540 1544 gerendis
564 1462 664 1530 rebus
688 1461 815 1525 nullum
839 1483 880 1526 ex
903 1485 937 1526 eo
962 1463 1262 1545 impedimentum:
1287 1462 1412 1526 laetam
1433 1484 1490 1526 vo·

298 1579 485 1664 luptatibus
516 1582 782 1645 adulescentiam
806 1582 886 1663 egit,
911 1601 972 1645 suo
996 1602 1099 1664 quam
1123 1583 1228 1665 patris
1252 1581 1396 1665 imperio
1420 1601 1489 1645 mo·

298 1699 459 1764 destior.”

344 1819 454 1884 Immo
484 1839 566 1882 vero
596 1839 637 1883 ex
663 1841 718 1882 ea:
744 1827 816 1882 tum
840 1819 931 1882 enirn
956 1819 1094 1881 demum
1119 1819 1166 1882 ita
1190 1819 1289 1882 nobis
1313 1820 1489 1883 Berenices

299 1938 437 2021 Titique
461 1957 593 2001 amores
613 1938 850 2001 describuntur
871 1946 907 2000 ut
928 1939 1092 2001 innocuos
1112 1958 1171 2001 eos
1190 1938 1291 2001 fuisse
1311 1948 1488 2022 appareat:

299 2060 427 2123 nullum
452 2058 613 2121 Berenice
637 2059 737 2122 rebus
760 2059 918 2140 gerendis
941 2058 1104 2121 afferebat
1129 2059 1422 2141 impedimentum.

345 2295 389 2360 H.
409 2297 451 2374 Il,
470 2316 498 2379 3.
521 2298 705 2380 Postquam
718 2298 799 2380 quid
814 2297 902 2360 sama
914 2299 1087 2380 proditum
1100 2299 1144 2361 sit
1157 2299 1200 2362 de
1213 2298 1331 2381 templi
1346 2297 1487 2362 Veneris

299 2416 450 2499 Paphiae
472 2417 649 2480 conditore
673 2419 852 2493 enarravit,
875 2418 923 2480 sic
949 2419 1058 2500 pergit
1082 2418 1238 2481 Tacitus:

347 2538 433 2618 „Sed
463 2539 640 2604 scientiam
671 2546 847 2621 artemque
879 2538 1094 2620 haruspicum
1125 2538 1269 2601 accitam
1303 2545 1337 2600 et
1368 2538 1485 2601 cilicen

298 2657 469 2720 Tamiram
494 2656 677 2720 intulisse.”

342 2778 394 2840 Ita
423 2785 474 2840 est
498 2777 530 2840 in
556 2778 684 2841 codice.
717 2776 783 2860 Qui
808 2777 1046 2840 tantummodo
1071 2777 1181 2840 cilicen
1204 2777 1238 2839 in
1265 2775 1396 2841 Cilicem
1418 2798 1490 2840 mu·

295 2903 410 2960 tarunt
429 2896 539 2959 Taciti
561 2916 698 2959 manum
719 2917 786 2958 non
808 2897 1042 2959 restituerunt:
1063 2895 1140 2959 ferri
1161 2898 1251 2960 enim
1273 2897 1365 2960 nullo
1384 2898 1488 2961 modo

296 3015 386 3078 istud
410 3027 441 3078 et
464 3023 587 3097 potest.
613 3014 681 3079 Sed
707 3035 748 3078 ne
773 3014 819 3078 illi
840 3017 989 3096 quidem,
1010 3017 1067 3099 qui
1088 3035 1164 3078 eam
1185 3015 1340 3079 voculam
1361 3015 1489 3090 delent,

299 3133 380 3196 mihi
401 3134 627 3197 satisfaciunt:
649 3154 738 3196 nunc
759 3134 848 3196 enim
871 3153 937 3197 una
958 3134 1055 3197 nobis
1068 3154 1120 3196 res
1133 3135 1264 3197 duabus
1276 3134 1489 3198 sententiolis

225 3259 229 3268 '
297 3254 451 3328 traditur,
484 3275 594 3336 neque
627 3253 709 3336 quid
741 3255 804 3317 sibi
835 3255 898 3317 ista
930 3254 1011 3317 velit
1041 3255 1179 3318 divisio:
1209 3255 1286 3334 „sed
1311 3255 1488 3317 scientiam

296 3382 473 3456 artemque
504 3374 718 3456 haruspicum
750 3373 912 3435 accitam:
945 3371 1084 3436 Cilicem
1116 3372 1288 3436 Tamiram
1312 3372 1486 3436 intulisse”

295 3495 474 3576 quisquam
498 3493 602 3556 videt.
635 3492 731 3554 Idem
756 3493 799 3554 de
825 3491 999 3554 Puteolani
1024 3491 1258 3555 coniecturae
1283 3491 1400 3556 Cilicia
1425 3512 1487 3573 pro

294 3626 325 3679 et
355 3615 465 3678 cilicen
496 3613 640 3697 legentis
670 3613 889 3675 statuendum
913 3619 973 3674 est.
1005 3611 1083 3674 Non
1108 3612 1198 3674 enim
1223 3611 1332 3674 minus
1356 3612 1487 3693 ingrate

295 3735 463 3797 sententia
483 3733 529 3796 sic
551 3732 768 3815 discerpitur:
793 3731 871 3812 „sed
894 3731 1069 3793 scientiam
1082 3739 1258 3814 artemque
1271 3730 1486 3812 haruspicum

295 3853 440 3916 accitam
464 3874 482 3916 e
507 3852 641 3916 Cilicia:
666 3850 839 3914 Tamiram
864 3848 1047 3912 intulisse.”
1081 3849 1142 3913 Illa
1164 3860 1280 3914 tamen
1303 3850 1347 3913 ad
1372 3868 1488 3911 veram

297 3992 358 4035 nos
388 3973 481 4036 ducit
513 3972 706 4045 lectionem,
730 3971 774 4034 ad
799 3989 901 4053 quam
925 3969 1169 4032 restituendam
1194 3967 1363 4032 levissima
1388 3987 1489 4050 quae·

297 4092 375 4154 dam
400 4091 522 4154 sufficit
545 4091 751 4154 emendatio.
777 4089 977 4171 Legendum
999 4089 1089 4151 enim
1110 4097 1178 4150 est:
1203 4086 1290 4168 „sed
1311 4088 1488 4151 scientiam

297 4220 472 4293 artemque
505 4209 720 4291 haruspicum
751 4209 889 4272 accitum
922 4207 1083 4271 eCilicia
1106 4206 1278 4270 Tamiram
1304 4205 1490 4270 intulisse.”

298 4329 399 4394 Haud
432 4328 584 4392 dissimili
616 4328 719 4391 modo
751 4327 794 4390 H.
827 4327 889 4402 IV,
914 4329 955 4409 83
988 4349 1008 4391 a
1038 4328 1235 4392 Ptolemaeo
1267 4327 1415 4409 primum
1440 4327 1489 4389 vir

298 4451 436 4533 quidam
458 4457 673 4512 externarum
693 4447 893 4530 religionum
914 4449 1041 4530 peritus
1061 4449 1255 4522 arcessitur;
1276 4447 1347 4509 eius
1364 4447 1487 4509 deinde
