3248 5230
868 1231 945 1297 XX.

473 1485 525 1533 AD
548 1485 761 1537 PLUTARCHI
784 1488 893 1538 VITAS
917 1487 1064 1540 GALBAE
1089 1490 1136 1540 ET
1160 1492 1338 1544 OTHONIS.

355 1727 523 1812 Quoniam
555 1751 657 1795 nemo
687 1752 804 1796 eorum
835 1731 892 1815 qui
924 1734 1045 1797 Tacito
1073 1733 1157 1798 dant
1180 1755 1320 1818 operam
1344 1757 1413 1800 non
1438 1737 1504 1800 fre·

310 1857 453 1933 quenter
473 1849 642 1914 Plutarchi
663 1853 749 1915 vitas
770 1852 899 1916 Galbae
920 1862 954 1917 et
975 1852 1121 1918 Othonis
1137 1856 1284 1939 inspicit,
1297 1875 1374 1919 cum
1387 1864 1505 1919 cetera

310 1989 397 2052 quae
428 1970 471 2032 ad
503 1969 595 2033 illum
627 1972 827 2053 scriptorem
858 1981 1023 2036 annotata
1055 1973 1136 2036 mihi
1167 1975 1280 2037 iacent
1313 1976 1345 2036 in
1370 1975 1505 2037 scriniis

309 2090 497 2153 identidem
518 2091 716 2174 paginarum
737 2091 983 2175 explendarum
1004 2113 1105 2156 causa
1118 2093 1364 2176 Mnemosynae
1377 2095 1503 2170 inser0,

311 2230 402 2273 meas
433 2211 476 2274 ad
508 2210 580 2273 illas
611 2212 699 2274 vitas
729 2213 967 2276 annotationes
999 2233 1066 2276 uno
1097 2215 1210 2296 capite
1238 2213 1504 2296 comprehensas

309 2330 362 2393 hic
400 2350 590 2414 proponere
625 2342 796 2415 praestare
831 2334 975 2404 videtur.
1012 2333 1159 2396 Primum
1191 2334 1281 2396 enim
1311 2335 1503 2397 admodum

310 2471 451 2533 magnus
481 2472 596 2516 earum
626 2462 678 2516 est
702 2473 876 2517 numerus:
909 2454 998 2517 haud
1024 2454 1155 2528 mirum,
1180 2454 1347 2535 siquidem
1372 2453 1502 2518 nullam

310 2571 477 2634 Plutarchi
509 2582 640 2655 partem
673 2575 806 2655 saepius
839 2573 1100 2655 diligentiusque
1123 2572 1208 2654 legi;
1232 2581 1354 2656 sponte
1378 2593 1431 2636 me
1456 2593 1504 2637 eo

307 2691 419 2754 studia
442 2712 517 2755 mea
537 2691 678 2756 Tacitea
697 2694 879 2756 trahebant
899 2693 1195 2775 retrahebantque.
1218 2694 1351 2756 Deinde
1372 2692 1504 2757 multae

307 2829 351 2872 ex
386 2810 450 2872 illis
484 2831 562 2874 casu
598 2813 782 2893 nescioquo
814 2821 887 2874 arte
919 2813 1006 2874 inter
1035 2833 1071 2874 se
1102 2812 1297 2875 cohaerent.
1323 2812 1503 2876 Postremo

307 2949 425 2992 omnes
444 2929 557 3011 aliquo
579 2931 682 2993 modo
694 2930 771 2993 huic
784 2930 870 2994 libro
883 2939 1045 3012 cognatas
1057 2950 1129 2993 esse
1143 2931 1201 2993 vix
1213 2931 1325 2994 dicere
1337 2951 1422 3014 opus
1434 2941 1503 2995 est.

352 3047 459 3111 Galba
488 3066 499 3110 1
528 3047 638 3131 (Sint.)
663 3050 731 3113 Res
752 3071 838 3132 quae
860 3059 937 3132 post
959 3051 1130 3113 Neronem
1151 3050 1299 3113 occisum
1321 3050 1502 3114 Romanae

306 3166 512 3249 reipublicae
544 3176 730 3232 evenerunt
761 3172 968 3233 documento
992 3178 1071 3232 sunt
1095 3173 1148 3230 τοῦ
1176 3169 1270 3242 μηδὲν
1295 3163 1373 3231 εἶναι
1396 3168 1501 3249 Φοβε-

305 3287 429 3367 ρώτερον
464 3286 663 3358 ἀπαιδεύτοις
698 3287 859 3367 χρωμένης
891 3286 944 3350 καὶ
978 3287 1106 3364 οὶλὸγοις
1139 3286 1248 3366 ὁρμαῖς
1280 3289 1311 3351 ἐν
1343 3288 1500 3368 ἡγεμονίᾳ

302 3417 525 3487 οτρντιωτοκῆς
557 3405 726 3484 δυνάμεως.
760 3408 882 3472 Cetera
912 3409 1027 3470 omnia
1059 3409 1194 3490 egregia
1217 3417 1305 3482 sunt,
1330 3409 1389 3471 sed
1412 3407 1498 3471 illud

300 3528 331 3591 ἒν
364 3527 515 3610 ἡγεμονίᾳ
547 3529 741 3604 absurdum,
774 3529 971 3611 praesertim
1004 3527 1068 3590 hoc
1101 3527 1224 3609 capite,
1249 3527 1305 3590 ubi
1330 3535 1498 3610 perpetua

300 3659 351 3712 est
386 3651 504 3714 ducum
540 3658 575 3713 et
610 3649 753 3713 militum
789 3648 975 3731 oppositio:
1011 3645 1206 3724 οτρντνώτοος
1241 3645 1427 3722 ἡγουμένους
1461 3657 1497 3711 et

300 3769 523 3846 οτονοτοωτοκὴν
558 3768 687 3842 δύναμιν
716 3768 746 3830 ἓν
771 3766 924 3848 ἡγεμονίᾳ
948 3761 1041 3830 olm
1067 3787 1169 3830 nemo
1191 3766 1383 3831 mortalium
1408 3768 1497 3830 vidit

300 3909 460 3970 unquam.
494 3889 572 3952 Una
595 3889 695 3951 litura
719 3889 886 3952 vocabula
911 3889 974 3950 ista
998 3887 1084 3960 dele,
1110 3894 1220 3976 totqm
1245 3885 1357 3949 locum
1381 3905 1495 3968 persa·

299 4008 441 4070 naveris
462 4008 501 4070 In
524 4009 674 4088 margine
694 4017 876 4072 annotasse
896 4008 1044 4089 aliquem
1062 4008 1105 4069 ad
1119 4004 1329 4084 φοβερώτερον
1342 4007 1495 4090 suspicor

299 4127 462 4208 ἡγεμονίᾳ,
488 4127 656 4190 Plutarchi
683 4137 796 4191 mente
821 4129 908 4191 bene
929 4136 1117 4211 perspecta,
1139 4147 1216 4190 nam
1239 4129 1407 4191 exercitus
1428 4129 1493 4191 dis·

298 4269 373 4311 cors
397 4256 431 4311 et
456 4247 668 4310 turbulentus
693 4268 773 4330 prae
798 4249 919 4311 ceteris
944 4248 1147 4311 metuendus
1171 4255 1222 4309 est
1245 4248 1396 4331 imperio,
1423 4249 1442 4310 i.
1463 4269 1491 4310 e.

298 4366 569 4452 imperatoribus
601 4367 718 4450 Atque
750 4367 815 4431 hoc
848 4369 935 4431 bene
969 4388 1045 4431 cum
1078 4375 1152 4428 tota
1184 4367 1307 4429 vicinia
1330 4367 1489 4442 concinit,
