3248 5230
677 434 739 503 ²7³

158 599 203 662 H.
227 599 271 676 ΙΙ,
296 601 349 684 63.
373 600 479 682 Apud
500 597 657 663 Flavium
678 599 842 664 Sabinum
863 601 1070 682 praelectum
1092 602 1183 665 urbis
1202 603 1304 666 Dola·

115 717 212 794 bella,
237 721 295 802 qui
320 720 364 783 ab
388 719 525 785 Othone
550 720 583 782 in
608 720 776 784 coloniam
800 721 1012 802 Aquinatem
1032 729 1104 784 erat
1125 723 1303 811 seposituq,

114 837 156 900 ab
177 839 287 901 amico
309 839 440 922 perfido
460 847 636 902 accusatur
656 841 748 921 quod
768 841 884 903 audita
906 848 1014 903 morte
1035 839 1181 904 Othonis
1193 850 1303 903 custo-

115 958 204 1020 diam
227 957 384 1040 rupisset,
408 957 506 1021 victis
529 959 683 1040 partibus
702 979 738 1021 se
762 967 977 1035 ostentasset,
1002 958 1178 1023 cohortem
1199 981 1303 1042 quan·

115 1076 192 1139 dam
216 1075 445 1140 sollicitasset:

161 1197 254 1276 ,Nec
276 1196 350 1260 ullis
370 1204 542 1260 tantorum
562 1197 741 1260 criminum
761 1197 1020 1279 probationibus
1040 1197 1072 1278 (i.
1094 1218 1122 1260 e.
1145 1217 1221 1260 cum
1241 1198 1303 1260 cri·

115 1317 205 1378 mina
229 1315 285 1380 illa
309 1315 402 1378 nullo
426 1315 528 1378 modo
553 1317 697 1397 probare
722 1317 848 1399 posset)
873 1315 906 1378 in
931 1317 1176 1399 paenitentiam
1188 1336 1304 1379 versus

115 1436 312 1518 (accusator)
336 1455 445 1499 seram
470 1437 603 1499 veniam
628 1444 706 1518 post
726 1436 834 1498 scelus
857 1437 1053 1517 quaerebat.
1077 1436 1303 1499 Cunctantem

113 1574 214 1638 supra
245 1563 341 1619 tanta
371 1577 406 1619 re
439 1556 595 1620 Flavium
628 1555 791 1620 Sabinum
815 1554 955 1631 Triaria,
986 1556 1027 1618 L.
1052 1555 1182 1620 Vitellii
1207 1577 1302 1631 uxor,

114 1674 200 1740 ultra
231 1673 391 1738 seminam
424 1675 534 1750 ferox,
567 1675 700 1750 terruit,
732 1695 774 1738 ne
805 1674 955 1757 periculo
986 1675 1148 1758 principis
1177 1673 1303 1738 samam

114 1793 314 1859 clementiae
338 1793 559 1858 adfectaret.”

158 1915 291 1978 Deinde
323 1895 465 1997 legimus
497 1912 672 1988 Sabinum,
704 1913 877 1976 hominem
909 1913 1078 1995 ignavum,
1111 1912 1176 1975 hoc
1205 1932 1302 1994 argu·

115 2041 230 2097 mento
254 2034 392 2108 victum,
417 2053 493 2096 cum
510 2007 618 2095 ⁸antea
642 2029 841 2095 Dolabellae
865 2051 1004 2114 parcere
1023 2032 1194 2108 voluisset,
1215 2031 1303 2094 ultro

113 2173 252 2235 operam
284 2152 417 2216 dedisse
450 2160 485 2215 ut
519 2149 659 2214 Vitellio
691 2151 887 2233 imperatori
920 2171 1021 2233 quam
1055 2152 1203 2216 maxima
1232 2152 1304 2218 eius

114 2273 212 2355 culpa
247 2272 433 2348 videretur;
470 2290 532 2334 nec
564 2270 702 2335 frustra:
738 2271 827 2333 iussu
860 2271 950 2334 enim
982 2270 1111 2334 Vitellii
1145 2272 1303 2334 miserum

114 2391 286 2454 hominem
311 2389 536 2454 interiectum.
1219 2400 1243 2435 κ

158 2512 224 2575 Hic
249 2531 291 2574 ne
315 2513 429 2575 omnia
453 2531 473 2574 a
496 2510 617 2574 Tacito
641 2508 781 2573 confusa
805 2517 840 2571 et
863 2507 898 2571 cl
918 2505 1042 2586 ὕστερον
1062 2506 1205 2588 πρότερον
1227 2531 1303 2594 pro·

114 2631 262 2712 positum
297 2639 495 2706 statuamus,
531 2631 712 2693 verborum
752 2648 880 2709 „seram
916 2629 1050 2692 veniam
1086 2637 1164 2712 post
1195 2630 1303 2693 scelus

114 2749 302 2830 quaesivit”
338 2750 424 2812 hanc
460 2769 532 2812 esse
568 2749 773 2812 sententiam
807 2748 1009 2811 sumendum
1044 2757 1107 2824 est,
1137 2749 1302 2812 eiusmodi

113 2869 263 2944 crimina,
294 2869 449 2951 quamvis
481 2868 614 2932 infirmo
639 2869 825 2930 niterentur
849 2867 1081 2944 fundamento,
1105 2876 1220 2932 tamen
1245 2868 1303 2931 illo

114 2994 267 3070 tempore
287 3008 346 3050 reo
365 3007 500 3070 semper
520 2995 647 3049 certam
668 2985 819 3049 attulisse
841 2987 1034 3069 perniciem.
1057 2987 1167 3051 Multo
1186 2996 1302 3052 tamen

114 3106 233 3170 melius
262 3106 494 3176 cohaerebunt
526 3107 650 3181 omnia,
675 3106 850 3189 multoque
875 3107 993 3169 melius
1017 3107 1098 3190 quid
1123 3107 1186 3170 sibi
1211 3109 1300 3170 istud

113 3245 222 3288 seram
257 3223 339 3286 velit
374 3223 616 3306 intelligemus,
652 3225 679 3286 si
714 3233 792 3307 post
826 3237 1028 3290 cunctantem
1063 3228 1300 3290 inseruerimus

112 3346 195 3408 enim
213 3341 244 3426 ¹),
281 3352 317 3406 ut
352 3343 408 3407 illa
442 3344 637 3407 coniunctio
669 3345 748 3407 inde
780 3363 799 3406 a
829 3365 914 3407 voce
944 3357 1144 3409 cunctantem
1176 3347 1302 3410 narrari

113 3464 286 3544 quomodo
317 3471 428 3526 totum
459 3461 541 3526 illud
573 3463 617 3526 sit
640 3471 815 3547 peractum
840 3463 1014 3545 negotium
1039 3463 1166 3527 indicet
1189 3463 1301 3547 (Enim

113 3582 224 3666 Belg.:
253 3581 476 3664 „namelijk”).

156 3805 201 3868 H.
227 3805 270 3880 11,
294 3805 347 3885 64.
372 3754 553 3889 Egregium
578 3813 612 3868 et
636 3806 767 3887 antiqui
794 3805 895 3868 moris
916 3805 1075 3869 feminam
1098 3805 1197 3870 luisse
1219 3807 1301 3872 Sex·

112 3923 218 3988 tiliam
242 3923 373 3989 Vitellii
397 3933 540 3988 matrem
565 3924 686 4006 insigni
712 3924 875 4006 probatur
899 3926 1068 4008 exemplo.
1094 3926 1270 4010 Sequitur:

159 4044 252 4126 „Nec
284 4042 358 4105 ullis
389 4051 508 4126 postea
540 4041 694 4106 fortunae
725 4041 892 4105 illecebris
916 4052 974 4107 aut
998 4045 1128 4107 ambitu
1153 4047 1300 4110 civitatis

111 4163 144 4225 in
168 4163 329 4248 gaudium
354 4163 466 4225 evicta
488 4162 608 4225 domus
631 4181 711 4224 suae
735 4169 868 4224 tantum
892 4163 1035 4226 adversa
1058 4164 1196 4226 sensit.”

149 4359 175 4426 ι)
199 4361 230 4410 Iu
254 4359 345 4408 codice
370 4359 437 4408 inter
461 4365 623 4406 cunctantem
647 4363 674 4406 et
699 4363 781 4421 supra
807 4355 869 4404 satis
896 4362 934 4404 est
954 4357 1031 4421 spatii
1051 4357 1208 4422 compendio
1227 4358 1300 4408 vocis

110 4447 186 4506 enim,
204 4453 230 4495 et
247 4445 340 4494 liturae
358 4445 400 4494 hic
419 4452 459 4494 est
478 4445 601 4510 suspicio.

1164 4543 1196 4594 18
