3228 5236
646 434 706 503 Ι59

87 619 140 681 que
161 599 273 681 quoad
298 600 450 682 privatus
474 597 528 662 vel
552 599 585 661 in
610 599 760 682 imperiis
783 599 845 662 sub
870 598 1028 682 Augusto
1052 599 1129 676 suit;
1152 599 1262 664 occul·

86 727 144 780 tum
170 739 209 781 ac
233 718 415 782 subdolum
440 718 606 800 fingendis
630 718 820 795 virtutibus,
846 718 956 781 donec
981 718 1201 782 Germanicus
1224 740 1264 784 ac

87 838 199 901 Drusus
218 837 430 921 superfuere:
451 839 542 901 idem
563 839 651 901 inter
670 837 762 901 bona
780 837 936 920 malaque
956 839 1082 902 mixtus
1102 839 1262 903 incolumi

87 1077 231 1142 Seianum
263 1078 383 1142 dilexit
412 1079 580 1153 timuitve,
612 1086 785 1161 postremo
811 1077 846 1140 in
869 1077 997 1141 scelera
1020 1078 1118 1141 simul
1141 1099 1182 1141 ac
1205 1081 1263 1142 de·

87 1197 194 1260 decora
215 1199 380 1281 prorupit,
402 1208 582 1281 postquam
603 1206 736 1261 remoto
756 1199 886 1280 pudore
901 1207 935 1260 et
950 1207 1042 1262 metu
1055 1219 1116 1262 suo
1129 1206 1262 1262 tantum

87 1315 208 1398 ingenio
232 1316 425 1381 utebatur.”

122 1437 288 1520 Tempora
308 1437 361 1500 hic
382 1438 644 1520 distinguuntur,
664 1437 724 1500 sed
745 1457 873 1500 merum
887 1437 1064 1502 artificium
1078 1439 1261 1502 oratorium

87 1556 154 1620 illud
184 1567 253 1622 est:
285 1559 367 1640 quid
400 1559 500 1622 variis
523 1558 588 1621 illis
611 1557 823 1641 temporibus
848 1559 880 1620 in
902 1557 1028 1621 Tiberii
1049 1567 1164 1622 mente
1185 1579 1264 1622 eve-

88 1680 162 1741 nerit
191 1679 313 1743 frustra
337 1679 547 1761 quaerimus:
576 1678 775 1759 „simulavit
799 1679 921 1741 iterum
944 1678 1125 1754 simulavit,
1151 1680 1263 1742 denuo
1324 1713 1325 1716 ¹

86 1797 252 1874 simulavit,
283 1819 395 1862 rursus
425 1796 606 1875 simulavit,
638 1807 811 1881 postremo
843 1819 886 1861 ne
909 1799 1079 1862 simulavit
1103 1797 1263 1882 quidem”

88 1917 142 1980 huc
160 1917 297 2002 pulchre
318 1919 473 2001 dispositi
493 1919 558 1982 loci
579 1927 691 1982 totum
712 1919 798 1982 redit
817 1927 1066 2000 argumentum.
1088 1919 1160 1982 Nisi
1178 1918 1264 1981 forte

87 2038 240 2100 credimus
273 2057 349 2100 eum
365 2038 439 2120 ‘qui
475 2047 676 2121 „postquam
707 2046 839 2102 remoto
871 2039 1001 2120 pudore
1033 2046 1067 2101 et
1091 2047 1184 2101 metu
1207 2059 1265 2102 suo

87 2157 354 2246 tantumningenio
377 2157 557 2221 utebatur”
578 2159 629 2222 nil
645 2159 711 2221 nisi
727 2158 850 2222 scelera
868 2170 901 2222 et
918 2159 1075 2222 dedecora
1095 2159 1129 2220 in
1149 2158 1264 2221 animo

88 2276 231 2352 habebat,
270 2278 524 2342 adolescentem
557 2279 782 2360 iuvenemque
814 2298 931 2340 revera
962 2277 1063 2341 fuisse
1093 2279 1262 2362 egregium

87 2398 147 2460 uita
161 2401 335 2481 famaque.

125 2771 187 2837 Sed
206 2775 289 2856 quid
307 2774 399 2857 apud
413 2773 570 2837 Tacitum
583 2773 626 2836 de
639 2772 777 2836 Tiberio
790 2781 949 2856 agentem
966 2771 1264 2856 „psychologiam”

87 2892 285 2973 quaerimus?
311 2893 508 2956 Dummodo
532 2901 696 2955 terrorem
720 2892 962 2972 horroremque
987 2891 1129 2954 incutiat
1152 2891 1266 2973 legen·

86 3013 166 3075 tibus
194 3015 274 3077 satis
306 3013 337 3076 ei
368 3021 430 3076 est.
455 3013 508 3075 De
533 3011 738 3075 facinoribus
761 3011 833 3074 eius
857 3010 1036 3086 declamat,
1060 3019 1164 3093 atque
1189 3010 1265 3074 huic

86 3132 135 3192 uni
168 3133 212 3195 rei
248 3133 308 3196 dat
343 3152 482 3214 operam
518 3140 554 3194 ut
590 3152 657 3213 quo
694 3131 800 3211 magis
834 3131 877 3193 ad
913 3130 1016 3193 finem
1051 3131 1193 3194 accedat
1224 3151 1265 3194 eo

85 3253 189 3316 omnia
218 3253 301 3317 fiant
333 3252 502 3316 horrenda
533 3251 649 3334 magis.
681 3251 849 3332 Denique,
881 3270 957 3314 curn
990 3271 1032 3313 eo
1063 3260 1266 3334 perventum

85 3381 130 3438 est
161 3383 194 3437 ut
225 3375 268 3438 de
299 3373 427 3437 Tiberii
459 3373 503 3436 sit
535 3372 740 3436 narrandum
773 3379 892 3446 morte,
924 3371 1058 3434 intonat
1089 3391 1147 3435 ore
1172 3371 1265 3453 gravi

85 3491 286 3575 mmm:

127 3612 212 3691 „Iam
245 3612 420 3676 Tiberium
451 3632 584 3695 corpus,
615 3611 682 3674 iam
706 3610 793 3673 vires
810 3608 842 3692 ¹),
866 3610 1017 3672 nondum
1042 3606 1264 3671 dissimulatio

85 3731 287 3796 deserebat.”

125 3853 353 3928 Praecessisse,
385 3852 437 3916 his
468 3851 602 3927 auditis
626 3850 736 3933 quivis
759 3846 947 3930 suspicetur
971 3845 1100 3928 insigne
1124 3843 1262 3928 aliquod

85 3971 349 4036 dissimulationis
379 3971 581 4035 Tiberianae
610 3969 815 4052 exemplum.
839 3965 889 4030 At
913 3967 946 4030 in
970 3967 1127 4049 proximo
1152 3968 1263 4050 capite

92 4157 301 4168 ——-..—

118 4283 284 4349 1)Lepidam
309 4282 494 4333 vocabulorum
519 4288 613 4346 corpus
637 4279 689 4328 iam
713 4278 783 4328 vires
807 4279 1015 4329 emendationem
1039 4279 1117 4343 vires,
1136 4277 1187 4326 ium
1206 4276 1263 4325 vita

85 4371 212 4434 proposuit
236 4387 259 4420 v.
284 4371 310 4420 d.
337 4371 370 4418 K.
396 4371 432 4418 H.
455 4369 486 4418 E.
510 4369 543 4418 de
565 4367 635 4431 Joug
659 4366 686 4414 in
712 4365 829 4426 thesibus
853 4365 982 4416 adiunctis
1003 4365 1194 4430 dissertationi3
1215 4363 1263 4428 „de

86 4456 191 4520 Apuleio
210 4458 348 4507 Isiacorum
368 4457 547 4520 mysteriorum
567 4453 658 4503 teste.'’
678 4453 708 4502 L.
728 4453 757 4500 B.
777 4463 891 4502 Moecco
