3248 5230
676 481 736 547 291

112 643 309 723 praesertim
342 661 419 704 cum
447 643 730 724 praecedentibus
754 644 811 706 ubi
835 654 972 708 auctore
998 645 1138 710 Platone
1162 649 1302 712 demon·

111 769 236 824 stratur
267 782 309 824 ne
337 763 370 825 in
395 763 527 844 optimo
552 763 690 844 quidem
715 765 801 826 duce
826 765 1012 847 quidquam
1037 787 1109 829 esse
1133 769 1301 849 praesidii,

113 881 175 944 nisi
207 883 310 944 etiam
343 881 466 945 milites
496 882 526 944 ei
553 902 613 945 sua
636 882 699 945 sibi
723 884 791 946 smt
814 883 935 947 imbuti
959 884 1183 970 philosophia.
1209 889 1303 953 Iusto

109 1002 281 1078 audacior,
312 1010 364 1065 sat
394 1003 475 1076 scio,
509 1002 591 1065 haec
621 1003 826 1066 emendandi
858 1003 944 1067 ratio
977 1005 1090 1069 multis
1122 1007 1302 1072 videbitur.

112 1120 266 1184 Fulciam
291 1142 372 1204 ergo
396 1121 482 1185 hanc
507 1122 737 1186 coniecturam
761 1132 814 1186 sat
834 1123 935 1207 longa
955 1123 1107 1189 locorum
1127 1128 1223 1203 serie,
1244 1129 1302 1211 qui
1371 1157 1374 1164 ¹

111 1242 319 1305 documento
350 1242 417 1305 sint
448 1262 664 1306 communem
696 1245 852 1306 codicum
885 1253 1059 1308 nostorum
1084 1245 1214 1310 fontem
1239 1247 1302 1311 hac

110 1371 203 1425 certe
225 1371 320 1445 parte
341 1364 461 1426 mirum
483 1383 707 1446 quamsaepe
728 1373 924 1447 corruptum
937 1385 1010 1428 esse
1022 1368 1301 1432 annotationibus

110 1482 145 1544 in
170 1491 302 1545 textum
328 1482 474 1565 receptis
497 1483 603 1565 iisque
629 1483 828 1566 plerumque
852 1483 961 1548 aliena
984 1484 1158 1550 collocatis
1180 1490 1272 1552 sede.

156 1600 265 1666 Galba
297 1601 345 1664 IV
383 1600 492 1665 Galba
526 1623 546 1665 a
581 1602 717 1664 Nerone
749 1603 782 1664 in
817 1603 1016 1685 Hispaniam
1048 1624 1124 1668 cum
1158 1607 1301 1690 imperio

112 1711 273 1785 mittitur:
299 1719 365 1784 ἕπε)
391 1713 504 1784 δὲ’τῶν
531 1719 695 1798 κ’λιτιρρίων
719 1719 888 1799 ἐπιτρόπων
912 1721 998 1797 ὠμῶς
1024 1724 1075 1786 κοιί
1101 1725 1216 1804 οίριρίως
1240 1727 1300 1798 τοὶς

110 1839 269 1921 ἐπορχίοις
293 1839 412 1904 ἐκείνων
437 1840 660 1920 διαφορούντων
684 1839 765 1904 ἄλλο
791 1841 847 1918 μὲν
874 1837 960 1922 εἶχεν
985 1843 1067 1908 οὐδὲν
1087 1845 1219 1923 βονίεῖν,
1240 1849 1300 1911 sed

109 1969 224 2025 tamen
244 1961 354 2026 solatii
375 1961 501 2044 aliquid
524 1960 786 2044 provincialibus
803 1964 990 2045 praebebat
1011 1967 1194 2030 ostendens
1206 1969 1300 2031 cordi

108 2082 173 2145 sibi
194 2101 267 2144 esse
287 2081 419 2144 illorum
442 2081 601 2156 miserias,
622 2101 726 2163 seque
747 2101 863 2145 eorum
884 2083 993 2146 vicem
1014 2083 1139 2148 dolere.
1162 2086 1299 2150 Nullum

109 2202 163 2264 hic
187 2202 418 2264 coniunctioni
439 2199 508 2263 ἐπεί
526 2199 639 2263 locum
660 2221 743 2276 esse,
763 2202 823 2264 sed
844 2210 955 2265 toturn
975 2206 1164 2268 sententiae
1184 2207 1300 2270 decur-

108 2343 183 2386 sum
207 2343 248 2385 ea
272 2321 461 2405 perturbari
485 2321 612 2404 primus
637 2320 828 2384 mortalium
852 2324 1026 2405 perspexit
1045 2323 1246 2390 Sintenisius
1266 2335 1301 2391 et

109 2443 176 2507 ἐκεῖ
207 2445 368 2526 reposuit.
401 2443 612 2507 Rectissime.
646 2442 722 2504 Hoc
754 2443 863 2505 minus
893 2451 984 2505 recte
1008 2446 1099 2525 quod
1125 2445 1300 2510 Reiskium

108 2574 245 2629 secutus
268 2586 329 2647 pro
354 2563 471 2628 ἐκείνων
496 2564 591 2627 dedit
616 2559 729 2642 ἐκείνῳ.
750 2560 887 2643 Quanto
912 2562 1029 2626 melius
1050 2572 1158 2628 totam
1179 2587 1298 2630 vocem

108 2686 347 2770 expunxisset:
373 2685 449 2765 ,ubi
467 2704 543 2747 cum
563 2691 798 2765 procuratores
816 2681 996 2745 crudeliter
1009 2681 1199 2765 provincias
1212 2684 1299 2749 lace·

108 2813 232 2879 tarent,
257 2824 359 2887 opem
383 2805 521 2886 quidem
545 2803 630 2866 ferre
655 2802 918 2885 provincialibus
942 2824 1009 2866 non
1029 2803 1196 2886 poterat’'.
1222 2805 1298 2869 Hoc

108 2925 189 2989 satis
220 2933 281 2999 est,
313 2932 349 2986 et
379 2922 544 3006 quidquid
573 2931 749 3004 praeterea
772 2922 908 2985 additur
933 2923 1083 2986 maculae
1108 2924 1213 2987 instar
1236 2934 1298 2989 est.

109 3045 212 3109 Unde
236 3051 349 3107 autem
374 3044 463 3106 istud
488 3039 608 3104 ἐκείνων
632 3039 770 3104 natum?
794 3040 852 3103 Ad
877 3039 946 3103 ἐπεί
965 3040 1085 3124 aliquis
1104 3044 1299 3110 emendatio·

108 3185 178 3228 nem
212 3163 278 3226 ἐκεῖ
305 3162 495 3245 adscripsit,
522 3181 608 3243 quae
634 3162 666 3222 in
692 3160 838 3222 alienum
863 3168 978 3224 textus
1001 3161 1114 3226 locum
1138 3163 1230 3228 illata
1254 3168 1297 3229 ad

107 3285 317 3366 subsequens
342 3281 546 3346 vocabulum
569 3288 742 3362 utcunque
767 3289 818 3343 est
841 3284 1110 3347 accommodata.

152 3402 262 3466 Galba
293 3401 378 3465 XIII
423 3399 654 3483 Nymphidius
696 3399 842 3464 Sabinus
887 3419 963 3463 cum
1007 3401 1297 3483 praetorianorum

107 3523 211 3586 duces
245 3521 385 3584 consilia
419 3521 524 3603 ipsius
558 3521 718 3583 adiuvare
751 3517 890 3593 nollent,
930 3519 1001 3601 ipse
1038 3541 1098 3602 per
1136 3541 1171 3583 se
1208 3522 1297 3586 viam

106 3645 169 3707 sibi
205 3644 249 3706 ad
286 3621 513 3726 principatum
548 3643 662 3725 coepit
698 3641 838 3704 munire.
883 3640 935 3702 Ne
975 3639 1101 3704 faceret
1135 3644 1297 3707 monebat

107 3761 307 3848 (ἀπηγόρευε)
329 3763 466 3828 Clodius
491 3762 607 3826 Celsus
631 3759 883 3834 Antiochensis,
908 3759 959 3821 vir
983 3761 1131 3841 prudens
1151 3763 1297 3827 dicendo

107 3885 169 3947 sibi
202 3905 245 3947 ne
281 3904 383 3947 unam
414 3883 552 3965 quidem
585 3883 618 3944 in
642 3880 724 3943 urbe
749 3878 891 3942 insulam
916 3879 1022 3942 videri
1048 3879 1297 3964 Nymphidium

108 4005 286 4069 Caesarem
310 4025 383 4067 esse
407 4003 643 4066 salutaturam:
668 3995 757 4062 aaa
781 3996 890 4061 πολλοὶ
913 3997 1095 4075 κοτενέλων
1116 3999 1169 4064 κοιί
1190 4003 1297 4082 Μιθρι-

106 4125 202 4198 δοίτιρς
228 4122 241 4186 ὁ
266 4123 412 4194 Ποντικὸς
439 4121 641 4186 ἐπισκώπτων
661 4118 715 4191 τὴν
736 4119 970 4196 Φοιλοικρίτιιτοι
991 4124 1044 4183 τοῦ
1065 4117 1184 4196 Γάλβα
1206 4142 1295 4186 nunc

105 4247 196 4327 apud
230 4244 404 4309 Romanos
436 4263 512 4306 eum
545 4240 681 4304 dicebat
712 4241 746 4302 in
778 4237 891 4321 aliquo
923 4260 995 4302 esse
1028 4241 1148 4322 pretio,
1172 4241 1231 4304 sed
1256 4242 1298 4305 si·

107 4362 281 4446 mulatque
316 4364 350 4425 in
386 4382 503 4425 eorum
538 4359 685 4424 venisset
720 4366 952 4439 conspectum,
988 4359 1059 4423 fore
1095 4370 1131 4423 ut
1166 4361 1296 4423 dierum

104 4483 249 4560 illorum,
274 4504 334 4566 per
357 4502 443 4565 quos
467 4481 590 4546 Caesar
614 4480 723 4543 dictus
747 4485 845 4553 esset,
869 4478 1042 4544 videretur
1065 4480 1297 4564 opprobrium.
