3266 5238
903 362 963 410 120

370 529 413 590 A.
439 528 465 604 1,
489 545 544 608 44.
577 527 733 591 Tandem
764 527 949 610 aliquando
976 529 1102 592 sedatis
1126 529 1269 592 militum
1294 530 1415 593 animis
1441 529 1525 593 Ger-

325 650 477 712 manicus
504 651 796 731 „centurionatum
820 648 922 730 egit'’.
947 651 1000 712 De
1025 649 1198 714 vocabulis
1219 651 1325 714 multa
1345 651 1527 733 disputant

325 769 385 831 viri
424 771 526 844 docti,
563 788 633 833 rem
670 770 778 851 ipsam
812 770 894 832 satis
928 778 1085 833 accurate
1122 771 1299 853 sequentia
1334 770 1525 834 illustrant:

329 889 470 968 „citatus
500 888 545 951 ab
578 890 782 971 imperatore
811 909 946 964 nomen,
972 890 1137 966 ordinem,
1162 891 1317 973 patriam,
1342 911 1524 954 numerum

324 1009 581 1090 stipendiorum,
614 1030 702 1091 quae
734 1017 870 1072 strenue
902 1011 935 1072 in
960 1010 1096 1092 proeliis
1119 1008 1264 1086 fecisset,
1289 1019 1323 1073 et
1346 1011 1399 1072 cui
1424 1019 1525 1074 erant

325 1129 415 1192 dona
446 1128 613 1205 militaria,
645 1129 780 1192 edebat.
813 1128 847 1195 Si
875 1130 1012 1204 tribuni,
1037 1130 1063 1192 si
1087 1129 1176 1212 legio
1200 1130 1401 1193 industriam
1425 1132 1524 1194 inuo-

324 1248 539 1331 centiamque
559 1249 844 1331 adprobaverant,
867 1251 1060 1314 retinebant
1080 1251 1250 1318 ordinem:
1269 1251 1325 1314 ubi
1342 1252 1523 1314 avaritiam

324 1378 382 1432 aut
407 1369 642 1432 crudelitatem
667 1390 832 1433 consensu
857 1371 1132 1446 obiectavissent,
1152 1370 1347 1434 solvebatur
1368 1371 1523 1435 militia”.

369 1489 419 1553 Cf.
444 1509 472 1552 c.
499 1505 557 1571 32:
594 1498 754 1572 ,repente
785 1490 954 1573 lymphati
986 1491 1155 1554 destrictis
1184 1490 1307 1573 gladiis
1338 1492 1372 1554 in
1404 1501 1524 1555 centu-

324 1611 435 1673 riones
463 1611 630 1674 invadunt
753 1619 940 1692 prostratos
964 1611 1161 1674 verberibus
1186 1610 1336 1674 mulcant
1359 1614 1523 1694 sexageni

324 1729 473 1811 singulos
598 1739 669 1793 tum
699 1730 879 1793 convulsos
902 1730 1115 1813 laniatosque
1139 1740 1174 1794 et
1198 1732 1321 1814 partim
1346 1733 1524 1795 exanimes

325 1859 404 1912 ante
428 1848 553 1913 vallum
577 1852 693 1913 autin
719 1851 876 1913 Rhenum
900 1850 1103 1933 proiciunt’'.

370 1971 546 2034 Habemus
581 1971 634 2034 hic
671 1973 713 2034 de
746 1973 867 2035 eadem
899 1993 934 2034 re
966 1973 1050 2035 duas
1081 1964 1291 2036 narrationes
1321 1974 1523 2050 admodum,

326 2099 362 2152 ut
386 2091 517 2172 opinor,
542 2093 630 2154 inter
653 2110 688 2153 se
713 2093 872 2154 diversas
898 2092 1005 2154 Modo
1030 2092 1185 2155 audimus
1204 2094 1247 2154 de
1265 2093 1524 2156 centurionibus

326 2210 491 2287 mulcatis,
521 2211 700 2286 convulsis,
730 2211 873 2287 laniatis,
905 2212 1127 2286 exanimibus,
1153 2213 1322 2296 proiectis,
1348 2214 1450 2276 modo
1473 2215 1522 2276 de

325 2329 488 2392 militibus
508 2340 647 2412 questus
671 2351 748 2393 suos
772 2332 891 2394 ordine
916 2331 1117 2413 placideque
1142 2331 1401 2413 proferentibus,
1425 2334 1523 2396 vide-

325 2470 465 2532 musque
481 2451 721 2534 imperatorem
738 2459 876 2532 questus
891 2449 967 2542 illos
980 2458 1281 2533 recognoscentem
1294 2428 1328 2514 et
1341 2453 1384 2515 de
1398 2452 1521 2515 iisdem

324 2569 387 2632 illis
421 2569 674 2633 centurionibus
709 2571 869 2633 iudicium
902 2591 1146 2652 censuramque
1179 2579 1407 2634 exercentem.
1439 2571 1522 2636 Non

324 2711 404 2772 ergo
436 2690 537 2753 occisi
569 2688 616 2752 illi
647 2699 753 2753 erant.
786 2690 921 2753 Dixeris
951 2711 993 2752 ne
1017 2711 1035 2753 e
1060 2691 1172 2772 capite
1201 2691 1339 2772 quidem
1367 2708 1406 2773 32
1431 2692 1521 2756 effici

324 2831 423 2893 posse
456 2810 529 2873 illos
560 2811 603 2874 ad
636 2831 740 2873 unum
772 2831 890 2873 omnes
921 2819 1002 2872 tunc
1029 2831 1101 2872 esse
1125 2810 1332 2874 interlectos.
1357 2811 1523 2876 Concedo

324 2941 496 3014 utcunque
526 2931 598 2994 fieri
624 2933 773 3014 potuisse
797 2940 836 2993 ut
860 2951 944 3020 unus
968 2940 1002 2994 et
1026 2930 1111 2994 alter
1135 2931 1320 3013 perniciem
1344 2931 1522 3014 effugeret,

323 3051 394 3126 sed,
419 3053 446 3113 si
472 3071 589 3113 verum
614 3060 665 3114 est
689 3050 781 3132 quod
806 3071 835 3112 c.
859 3066 899 3131 32
923 3058 1085 3126 narratur,
1106 3049 1159 3112 vel
1179 3070 1283 3113 unum
1304 3051 1521 3133 superfuisse,

324 3171 381 3252 qui
403 3171 436 3233 in
457 3169 514 3232 illo
534 3190 636 3234 censu
658 3171 725 3234 suis
745 3179 834 3233 stare
857 3170 1001 3253 pedibus
1021 3179 1146 3251 posset,
1165 3171 1198 3232 id
1216 3189 1280 3253 ego
1298 3171 1521 3254 pertinaciter

326 3311 423 3372 nego.
444 3289 517 3352 Aut
537 3290 658 3352 mirum
679 3291 712 3353 in
734 3290 873 3353 modum
894 3310 980 3372 quae
1001 3310 1029 3352 c.
1053 3306 1092 3371 32
1113 3289 1271 3372 leguntur
1286 3291 1400 3353 omnia
1415 3300 1518 3356 aucta

323 3418 401 3472 sunt
433 3418 468 3472 et
499 3420 713 3492 exaggerata,
744 3417 802 3472 aut
834 3429 954 3473 census
984 3408 1039 3472 ille
1072 3409 1206 3472 habitus
1237 3418 1290 3472 est
1319 3410 1362 3472 de
1394 3411 1520 3474 sauciis

233 3603 241 3618 ·
323 3529 442 3593 laceris
473 3531 621 3592 animam
653 3531 711 3592 vix
737 3529 967 3593 trahentibus:
993 3537 1086 3592 certe
1109 3549 1210 3592 nemo
1234 3548 1351 3592 eorum
1376 3529 1518 3594 militiae

323 3648 377 3712 vel
400 3649 510 3712 ordini
536 3659 636 3732 aptus
659 3651 725 3712 iam
751 3657 833 3712 erat.

368 3769 460 3832 Ann.
486 3769 511 3845 1,
539 3771 589 3851 56.
617 3770 837 3833 Germanicus
865 3769 1082 3851 ,expeditum
1106 3769 1294 3832 exercitum
1319 3770 1352 3831 in
1373 3768 1519 3834 Chattos

324 3888 433 3971 rapit”
457 3889 563 3971 iisque
592 3891 698 3970 ,adeo
722 3890 924 3971 improvisus
948 3889 1098 3963 advenit,
1124 3897 1169 3964 ut,
1195 3889 1287 3971 quod
1309 3889 1518 3954 imbecillum

323 4017 435 4072 aetate
467 4028 506 4070 ac
538 4029 631 4082 sexu,
662 4011 776 4072 statim
801 4017 938 4093 captum
963 4018 1021 4072 aut
1045 4009 1250 4072 trucidatum
1274 4009 1328 4071 sit.
1353 4009 1519 4073 Iuventus

323 4129 448 4193 flumen
491 4127 667 4190 Adranam
706 4129 819 4192 nando
858 4129 1058 4204 tramiserat,
1096 4128 1337 4209 Romanosque
1373 4137 1517 4210 pontem

323 4247 515 4331 coeptantis
540 4245 719 4322 arcebant;
749 4249 827 4310 dein
856 4249 1034 4310 tormentis
1058 4248 1257 4330 sagittisque
1282 4247 1378 4329 pulsi,
1403 4256 1516 4331 temp-

323 4369 403 4430 tatis
423 4366 544 4428 frustra
563 4366 829 4442 condicionibus
850 4387 925 4430 cum
941 4369 1079 4449 quidam
1092 4368 1136 4429 ad
1150 4366 1388 4430 Germanicum
1402 4366 1515 4448 persu-
