3258 5240
910 453 933 513 4

378 629 480 691 ,mox
501 612 597 692 quasi
618 612 768 677 rixantes
787 623 905 698 stupra
924 634 963 677 ac
985 612 1113 696 flagitia
1133 611 1277 675 invicem
1298 611 1530 687 obiectavere,

329 736 451 792 neuter
474 728 592 794 falso”.

375 847 503 912 Neuter
527 849 634 932 falso.
667 851 791 914 Nonne
825 851 968 915 mordax
999 851 1065 914 hoc
1090 850 1229 924 dictum,
1256 869 1370 913 nonne
1390 868 1469 912 acre
1491 857 1531 910 et

331 966 503 1042 acerbum,
534 989 648 1032 nonne
680 971 828 1052 denique
858 991 938 1034 vere
969 967 1170 1033 Taciteuml
1207 968 1342 1050 „Nolite
1366 965 1530 1030 credere”

330 1084 466 1150 lictores
497 1096 638 1151 monent
671 1088 863 1152 Nisseniani
897 1088 1022 1170 „nolite
1049 1087 1105 1150 hic
1130 1086 1184 1150 vel
1207 1085 1319 1149 Taciti
1343 1085 1397 1148 vel
1421 1085 1533 1148 cuius-

332 1222 434 1286 quam
458 1204 642 1286 „liberum”
663 1227 849 1289 agnoscere
872 1204 1099 1288 „arbitrium”.
1122 1204 1211 1268 Nam
1231 1206 1279 1268 sic
1299 1225 1335 1268 se
1348 1224 1401 1267 res
1413 1203 1532 1266 habet.

333 1321 439 1404 Apud
465 1324 681 1389 Plutarchum
704 1326 771 1389 hoc
794 1326 838 1389 de
862 1326 985 1389 eadem
1008 1345 1044 1387 re
1068 1324 1191 1406 legitur
1214 1325 1390 1387 iudicium:

375 1441 409 1505 οὐ
440 1441 560 1520 ψευδῶς
592 1442 663 1520 μέν,
693 1443 823 1521 γελοίως
853 1443 885 1508 δὲ
914 1443 966 1508 uui
999 1443 1134 1516 ἀνοήτως
1159 1441 1285 1522 θοὶτέρου
1308 1441 1361 1504 τὸν
1384 1437 1482 1521 ’ἕτερον
1507 1437 1531 1504 ἃ

334 1567 449 1639 προσῆν
473 1561 663 1642 ἀμφοτέροις
687 1561 784 1636 ὀνείδη
809 1561 1024 1643 λοιδοροῦντος.

378 1681 470 1763 Ergo
501 1681 535 1744 in
566 1683 739 1746 communi
770 1682 865 1746 fonte
896 1683 959 1746 luit
989 1684 1158 1766 quaedam
1189 1682 1352 1746 orationis
1383 1682 1531 1756 ubertas,

336 1820 439 1883 quam
472 1800 669 1865 Plutarchus
699 1801 835 1884 reliquit
866 1803 1040 1878 intactam,
1067 1811 1103 1866 at
1126 1803 1265 1866 Tacitus
1289 1799 1534 1866 vocabulorum

341 1919 503 1983 maiorem
527 1921 641 1984 omisit
664 1929 796 2003 partem
820 1929 855 1984 et
874 1922 923 1984 sic
943 1921 1055 1985 brevis
1074 1921 1130 1984 illa
1149 1929 1229 1984 nata
1249 1930 1300 1983 est
1318 1918 1533 1994 sententiola,

340 2056 442 2120 quam
477 2059 538 2102 vos
569 2061 658 2103 nunc
689 2048 864 2122 tamquam
896 2061 976 2104 vere
1006 2040 1182 2105 Taciteam
1212 2040 1315 2104 stulte
1347 2039 1534 2103 miramini:

339 2178 407 2221 non
431 2159 532 2234 enim,
557 2160 717 2240 quoniam
741 2159 789 2222 sic
812 2159 952 2223 Tacitus
974 2159 1092 2237 voluit,
1116 2168 1197 2223 nata
1220 2180 1260 2223 ea
1283 2168 1345 2234 est,
1368 2160 1428 2222 sed
1453 2159 1533 2240 quia

339 2276 395 2340 lex
426 2277 576 2352 iubebat,
609 2296 711 2360 quam
743 2287 821 2361 post
853 2279 959 2343 multa
987 2278 1121 2342 saecula
1146 2278 1320 2342 Nissenius
1343 2286 1437 2340 certa
1461 2284 1532 2339 erat

339 2405 564 2478 concepturus
587 2395 739 2460 formula.
764 2396 845 2472 Aut,
870 2397 897 2460 si
921 2398 986 2461 hoc
1010 2398 1178 2473 mavultis,
1201 2397 1398 2480 imprudens
1422 2415 1533 2477 neque

339 2515 526 2596 quidquam
546 2515 626 2578 inde
646 2524 849 2599 exspectans
869 2516 988 2592 laudis,
1008 2537 1084 2579 eam
1097 2518 1145 2579 ita
1156 2516 1296 2579 Tacitus
1309 2513 1530 2579 enuntiavit”.

383 2634 529 2697 Boissier
555 2644 679 2711 autem,
703 2655 909 2718 quamquam
935 2655 978 2698 ne
1002 2636 1074 2718 ipse
1097 2636 1236 2717 quidem
1259 2635 1446 2716 quidquam
1471 2653 1532 2716 pro

340 2761 435 2815 certo
468 2754 634 2817 affirmare
668 2775 767 2818 ausus
802 2764 853 2818 est
883 2790 927 2801 -
957 2755 1006 2818 sic
1040 2755 1131 2818 enim
1162 2753 1231 2817 iere
1262 2754 1531 2817 venustissimam

339 2892 435 2936 suam
463 2874 761 2957 doctissimamque
784 2874 957 2938 concludit
981 2875 1264 2956 disputationem:
1293 2873 1466 2954 „quaestio
1488 2871 1532 2933 de

339 2991 450 3056 Taciti
481 2992 631 3056 lontibus
661 3014 772 3076 neque
802 2993 913 3058 soluta
945 3002 996 3056 est
1023 3013 1144 3075 neque,
1169 3001 1206 3055 ut
1229 2991 1361 3074 opinor,
1383 2985 1534 3054 solvetur

339 3110 511 3194 unquam'’
535 3149 579 3159 -
598 3121 713 3176 tamen
733 3113 861 3195 primus
880 3112 952 3188 fuit,
973 3113 1031 3194 qui
1052 3112 1191 3175 doceret
1211 3111 1367 3174 homines
1385 3110 1428 3174 ad
1449 3129 1533 3193 quas

338 3231 565 3295 absurditates
600 3232 797 3295 detruderet
827 3231 885 3294 lex
915 3231 972 3294 illa
1002 3232 1094 3294 cives
1125 3230 1224 3293 nimis
1256 3231 1438 3294 modestos.
1469 3228 1533 3292 lllo

339 3349 431 3412 enim
450 3358 587 3414 auctore
608 3351 675 3414 iam
695 3350 908 3414 confidenter
927 3350 993 3413 hoc
1005 3350 1177 3413 declarare
1189 3351 1369 3414 audemus:
1387 3351 1431 3412 sit
1443 3358 1533 3412 cete·

339 3468 459 3549 roquin
491 3468 734 3550 qualiscunque
766 3469 914 3544 Tacitus,
944 3469 988 3531 sit
1018 3469 1052 3530 in
1084 3467 1286 3549 inquirendo
1310 3469 1454 3551 diligens
1478 3467 1533 3531 vel

338 3586 502 3668 incautus,
526 3588 560 3650 in
585 3587 774 3651 enarrando
799 3589 903 3650 iustus
928 3587 982 3650 vel
1006 3586 1158 3670 cupidus,
1180 3594 1215 3650 at
1236 3587 1338 3654 habet
1358 3587 1532 3669 ingenium

339 3706 513 3788 proprium
544 3726 719 3788 suumque,
753 3707 995 3790 propriamque
1018 3707 1088 3769 eius
1113 3705 1263 3768 indolem
1288 3706 1388 3769 refert
1412 3707 1532 3769 oratio.

340 3824 523 3907 Postquam
547 3844 628 3888 vero
652 3827 783 3889 exstitit
808 3826 1042 3902 Woelfflinius,
1067 3827 1124 3907 qui
1148 3827 1285 3908 egregio
1310 3826 1436 3908 ingenii
1456 3845 1533 3889 acu-

339 3943 429 4004 mine
449 3943 536 4006 h'anc
558 3953 785 4026 perscrutatus
807 3954 858 4008 est
878 3946 1123 4026 quaestionem,
1145 3945 1259 4007 omnia
1279 3945 1336 4007 illa
1349 3945 1533 4019 volumina,

338 4081 425 4142 quae
460 4060 570 4143 longis
604 4061 756 4126 locorum
791 4063 1027 4146 parallelorum
1062 4062 1186 4125 tabulis
1223 4063 1344 4126 Tacito
1382 4064 1533 4126 adimere

338 4181 476 4244 student
504 4181 670 4263 quidquid
695 4183 788 4247 illum
813 4185 961 4247 maxime
984 4203 1004 4246 a
1028 4190 1218 4245 ceterorum
1240 4183 1443 4265 scriptorum
1468 4184 1533 4246 dis-

338 4300 463 4381 tinguit
494 4308 604 4374 coetu,
636 4301 809 4366 volumina
836 4303 891 4366 illa
915 4303 1106 4385 composita
1129 4322 1149 4365 a
1172 4303 1252 4365 viris
1275 4303 1344 4384 qui,
1369 4312 1405 4365 ut
1430 4303 1533 4385 ipsius

340 4418 535 4481 Woelfflinii
559 4427 634 4481 utar
658 4421 750 4484 dicto
774 4441 888 4497 aureo,
916 4429 1006 4502 ,tam
1029 4420 1134 4483 densa
1157 4439 1193 4482 se
1217 4421 1429 4484 circumdant
1452 4422 1533 4484 doc·
