3258 5240
664 1490 760 1553 VIII.

164 1718 321 1782 Pfitzneri
347 1717 592 1780 commentatio
616 1716 682 1791 illa,
707 1736 809 1798 quam
834 1717 968 1799 saepius
988 1718 1066 1791 iam,
1091 1724 1128 1779 ut
1148 1737 1209 1798 par
1229 1725 1311 1791 erat,

114 1837 265 1912 laudavi,
289 1858 309 1900 a
329 1837 560 1920 disputatione
582 1837 624 1900 de
645 1837 820 1900 codicibus
839 1836 950 1900 Taciti
970 1837 1098 1919 incipit.
1119 1837 1211 1900 Illius
1231 1855 1312 1916 ergo

114 1955 313 2039 exemplum
346 1977 400 2020 me
430 1956 593 2018 admonet
626 1965 662 2018 ut
694 1965 728 2018 et
759 1957 832 2038 ipse
863 1977 971 2038 pauca
994 1957 1162 2038 quaedam
1187 1958 1231 2019 de
1255 1954 1313 2018 illo

113 2085 319 2159 argumento
354 2077 388 2139 in
424 2077 573 2139 medium
610 2075 790 2159 proferam,
826 2097 907 2151 rem,
944 2097 1046 2158 quam
1077 2097 1142 2158 ego
1173 2085 1312 2158 tangam

114 2197 370 2270 tantummodo,
394 2196 467 2258 aliis
490 2196 678 2259 accuratius
701 2195 946 2259 enucleandam
972 2196 1156 2260 relicturus.

164 2313 311 2377 Codices
344 2334 425 2396 ergo
460 2313 516 2389 illi,
553 2315 610 2397 qui
643 2316 677 2378 in
708 2315 859 2378 editione
892 2316 1146 2398 Nipperdeiana
1177 2317 1314 2380 alterius

117 2434 307 2498 Annalium
343 2434 448 2516 partis
483 2440 518 2495 et
554 2433 778 2497 Historiarum
811 2434 908 2497 litera
939 2436 948 2496 i
980 2435 1221 2517 significantur,
1254 2456 1314 2517 per

117 2575 156 2618 se
189 2554 311 2618 nullius
341 2561 419 2617 sunt
450 2554 560 2636 pretii,
592 2554 654 2617 nisi
687 2554 720 2616 in
752 2554 791 2616 iis
822 2553 905 2617 locis
936 2554 993 2617 ubi
1027 2554 1200 2617 Mediceus
1229 2555 1314 2617 alter

116 2675 301 2738 lacunosus
331 2682 392 2749 est,
423 2681 544 2756 utpote
576 2674 633 2755 qui
667 2672 719 2736 vel
751 2693 795 2736 ex
827 2673 900 2757 ipso
933 2674 1101 2748 Mediceo,
1133 2672 1197 2748 vel,
1221 2675 1314 2755 quod

118 2793 350 2877 Nipperdeius
369 2794 498 2868 statuit,
519 2813 563 2856 ex
583 2792 782 2875 apographo
802 2793 951 2874 quodam
972 2764 1043 2856 eius
1063 2794 1130 2856 sint
1142 2787 1314 2876 descripti.

118 2912 273 2978 Omnino
303 2914 512 2976 verissimum
538 2911 619 2976 illud
644 2921 704 2987 est,
730 2921 764 2975 et
788 2920 903 2975 tamen
928 2932 970 2975 ne
994 2913 1048 2977 hic
1072 2914 1209 2994 quidem
1238 2915 1314 2994 ,de-

117 3153 205 3236 quid
226 3161 362 3216 servent
382 3153 475 3234 quod
496 3151 594 3214 unice
615 3171 731 3214 verum
752 3151 804 3226 sit,
826 3171 902 3214 cum
922 3152 1181 3233 IpseMediceus
1194 3154 1313 3216 vitium

119 3275 171 3337 ibi
200 3272 370 3347 exhibeat,
394 3280 452 3334 aut
477 3271 604 3353 aliquid
629 3270 794 3334 eiusmodi
819 3273 923 3352 quod,
948 3271 1079 3335 etiamsi
1104 3292 1221 3334 verum
1246 3293 1313 3336 non

117 3394 176 3465 sit,
204 3400 318 3454 tamen
342 3411 386 3453 ex
410 3392 485 3472 ipso
510 3390 667 3453 Mediceo
691 3390 805 3452 eiusve
829 3389 1028 3472 apographo
1052 3392 1137 3454 sumi
1163 3411 1230 3454 non
1255 3413 1315 3474 po·

117 3512 236 3574 tuerit.
261 3509 413 3573 Breviter
435 3509 529 3572 locos
552 3508 721 3584 indicabo,
742 3511 799 3591 qui
822 3509 902 3571 mihi
924 3509 989 3571 hoc
1011 3511 1146 3572 nomine
1167 3512 1314 3574 maxime

120 3629 293 3694 notabiles
316 3630 378 3693 visi
402 3637 497 3692 sunt:

170 3749 261 3813 Ann.
294 3749 357 3834 XI,
393 3765 441 3827 14.
474 3747 634 3812 Claudius
663 3756 732 3810 tres
764 3746 894 3810 litteras
924 3747 1059 3819 adiecit,
1084 3747 1229 3826 quaein
1254 3767 1314 3808 usu

119 3870 341 3953 imperitante
373 3888 423 3942 eo,
457 3874 535 3949 post
558 3866 785 3939 oblitteratae,
809 3864 1017 3946 aspiciuntur
1041 3864 1144 3926 etiam
1169 3866 1315 3928 nuncin

119 4010 201 4054 aere
226 3989 357 4074 publico
386 3990 439 4052 dis
460 3987 641 4072 plebiscitis
664 4005 724 4068 per
749 3984 821 4047 so'ra
844 4003 884 4046 ac
908 3983 1037 4065 templa
1061 3982 1140 4046 fixo.
1165 3983 1220 4048 Sic
1245 3985 1317 4047 Me·

120 4111 256 4184 diceus;
288 4109 390 4171 lectio
422 4109 448 4170 i:
476 4106 686 4190 publicandis
711 4103 900 4186 plebiscitis.
935 4102 1081 4185 Intelligi
1113 4111 1204 4166 certe
1233 4103 1316 4166 haec

119 4237 248 4314 potest,
281 4248 324 4290 ex
356 4227 513 4290 Mediceo
545 4223 610 4306 (vel
642 4224 713 4285 eius
742 4221 952 4304 apographo)
978 4223 1068 4285 nasci
1093 4243 1160 4285 non
1185 4222 1317 4304 potuit:

121 4351 321 4415 coniectura
346 4356 397 4410 est
422 4345 569 4409 hominis
592 4342 778 4424 exemplari
802 4361 863 4404 suo
888 4362 955 4404 non
981 4344 1078 4405 unice
1103 4343 1221 4404 dediti.

167 4471 260 4534 Ann.
295 4467 353 4542 Xl,
391 4467 438 4528 16.
464 4465 709 4529 Cheruscorum
734 4481 818 4542 gens
843 4480 956 4542 regem
983 4461 1092 4523 Roma
1117 4461 1239 4542 petivit
