3258 5240
899 397 917 460 8

311 573 411 636 fuisse
438 571 595 637 Ostiensis
618 571 767 635 cohortis
780 572 914 655 partes?
935 573 995 637 Illa
1015 583 1127 638 utrum
1148 595 1190 637 eo
1209 584 1365 657 tempore
1386 575 1504 639 Ostiae

311 692 411 755 fuerit
442 693 545 754 etiam
575 711 617 754 an
648 693 682 754 in
714 692 828 774 aliquo
859 693 950 756 urbis
981 694 1057 756 loco
1089 694 1143 755 vel
1176 714 1282 776 prope
1314 694 1431 758 urbem
1459 695 1505 756 sit

312 812 490 874 deversata
514 830 581 873 non
607 811 778 886 docemur,
803 831 914 893 neque
937 812 981 874 ad
1006 811 1093 874 hanc
1117 812 1256 893 quidem
1276 813 1504 875 narrationem

312 930 567 1013 intelligendam
591 931 778 1012 quidquam
799 940 914 993 nostra
933 933 1018 994 scire
1039 933 1189 995 interest.
1211 932 1249 994 In
1270 933 1391 996 castris
1400 943 1505 1014 prae·

312 1051 409 1113 toriis
440 1049 593 1112 oriuntur
623 1049 742 1112 turbae
774 1049 868 1124 istae,
900 1070 920 1112 a
950 1051 1072 1114 castris
1093 1050 1289 1132 praetoriis,
1315 1059 1506 1132 quaesunt

312 1168 361 1231 ad
388 1167 511 1242 urbem,
544 1167 709 1230 Palatium
740 1177 862 1249 petunt
880 1168 1104 1250 praetoriani.
1129 1168 1175 1230 Et
1198 1188 1241 1231 ne
1265 1169 1339 1250 quis
1364 1169 1506 1232 miretur

312 1287 377 1350 hoc
398 1287 472 1349 illos
491 1288 637 1369 spatium
657 1287 747 1367 equis
765 1307 931 1362 emensos,
952 1288 1109 1369 inspiciat
1128 1286 1238 1350 Taciti
1250 1307 1279 1349 c.
1291 1304 1336 1366 40
1351 1288 1504 1351 eiusdem

313 1405 399 1481 libri,
423 1406 480 1468 ubi
505 1407 547 1468 de
572 1407 794 1488 praetorianis
819 1406 902 1470 haec
927 1416 1120 1470 narrantur:

357 1524 486 1589 Othoni
506 1525 627 1586 armari
648 1524 783 1606 plebem
804 1525 1031 1588 nuntiabatur.
1054 1525 1106 1587 Ire
1127 1525 1330 1607 praecipites
1349 1532 1385 1587 et
1404 1544 1505 1587 occu·

314 1664 394 1726 pare
413 1642 561 1725 pericula
581 1643 685 1704 iubet.
708 1643 813 1724 Igitur
835 1642 958 1705 milites
979 1644 1134 1718 Romani,
1155 1645 1251 1724 quasi
1272 1644 1503 1726 Vologaesum

313 1770 371 1824 aut
404 1760 566 1823 Pacorum
590 1762 682 1824 avito
707 1761 947 1825 Arsacidarum
972 1761 1057 1825 solio
1082 1763 1264 1844 depulsuri,
1287 1783 1327 1825 ac
1350 1782 1419 1825 non
1444 1764 1505 1825 im·

314 1888 506 1963 peratorem
517 1899 615 1942 suum
627 1881 790 1943 inermem
804 1889 838 1944 et
851 1901 968 1944 senem
979 1882 1147 1944 trucidare
1161 1890 1351 1964 pergerent,
1363 1881 1506 1944 disiecta

314 2001 423 2083 plebe,
460 1999 656 2082 proculcato
691 2007 811 2061 senatu
842 2007 954 2061 truces
986 1999 1097 2073 armis,
1128 1998 1236 2080 rapidi
1268 1999 1363 2080 equis
1395 1997 1506 2060 lorum

315 2121 512 2202 inrumpunt
528 2117 560 2200 ¹).

359 2238 408 2302 At
440 2236 637 2301 Plutarchus
671 2234 764 2299 Ostia
795 2236 1040 2299 tumultuantes
1071 2234 1146 2298 illos
1176 2236 1353 2299 advolasse
1382 2234 1506 2298 milites

314 2359 428 2433 tradit,
464 2358 521 2439 qui
557 2377 649 2419 error
682 2363 894 2437 quantopere
929 2364 1038 2418 totam
1070 2355 1245 2438 perturbet
1277 2355 1506 2418 narrationem

314 2477 425 2558 quivis
456 2476 622 2538 coniicere
650 2482 774 2556 potest.
800 2474 848 2537 At
872 2475 1047 2557 quomodo
1071 2483 1169 2537 natus
1193 2474 1248 2536 ille
1273 2472 1345 2536 est?
1369 2471 1507 2536 Scilicet

315 2595 406 2677 apud
428 2594 585 2657 Tacitum
604 2593 720 2675 legens
740 2593 852 2656 urbem
872 2613 912 2656 ac
930 2592 1103 2656 Palatium
1118 2605 1237 2676 petunt
1255 2613 1323 2655 non
1339 2590 1507 2655 intellexit

316 2711 513 2776 Plutarchus
545 2711 610 2774 hoc
641 2712 753 2773 dicere
785 2720 958 2774 auctorem
990 2731 1104 2774 suum:
1140 2713 1354 2792 „interiorem
1386 2719 1508 2793 petunt

246 2914 251 2922 .
314 2831 406 2894 urbis
430 2839 561 2914 partem
581 2839 684 2912 atque
706 2850 782 2893 eam
801 2830 859 2892 ubi
880 2830 1046 2892 Palatium
1066 2830 1139 2892 est’'
1160 2831 1262 2894 etsie
1283 2850 1323 2893 ea
1342 2828 1509 2892 vocabula

316 2952 418 3014 vertit
442 2949 587 3014 Graece:
612 2946 742 3023 ἤλαυνον
767 2949 808 3018 εἰς
833 2949 889 3019 τὴν
913 2948 1033 3025 Ῥώμην
1058 2957 1160 3032 atque
1182 2950 1373 3032 Crispinum
1398 2947 1510 3013 Ostiae

317 3068 471 3132 vehicula
494 3069 596 3131 armis
620 3076 818 3132 onerantem
843 3067 924 3130 lacit
940 3065 975 3149 ²).

361 3186 532 3269 Paulisper
562 3208 616 3250 me
647 3188 680 3249 in
713 3187 777 3250 hoc
809 3187 885 3250 loco
915 3187 1096 3250 subsistere
1128 3186 1214 3250 velle
1243 3187 1416 3250 dicebam:
1442 3186 1505 3268 ipsi

315 3305 398 3369 mihi
433 3307 514 3389 quid
550 3307 584 3370 in
620 3328 662 3370 eo
697 3307 842 3388 legendo
873 3307 1120 3389 tractandoque
1150 3307 1311 3370 acciderit
1343 3306 1504 3383 narrabo;

315 3424 480 3487 eiusmodi
511 3426 602 3488 enim
634 3424 715 3489 illud
748 3434 798 3488 est
822 3434 859 3488 ut
883 3425 1170 3488 Woelfflinianum
1195 3425 1371 3488 inventum
1395 3445 1506 3487 corro-

316 3544 431 3619 boret;
474 3553 565 3607 certe
606 3564 673 3606 non
712 3545 888 3626 indignum
920 3545 1054 3607 videtur
1085 3545 1176 3626 quod
1208 3564 1286 3606 cum
1316 3543 1506 3626 legentibus

315 3663 574 3725 communicem.
599 3664 757 3728 Fortasse
783 3683 824 3726 ne
846 3663 908 3746 ipsi
933 3665 1072 3744 quidem
1097 3662 1314 3738 Woelfflinio,
1335 3672 1506 3746 praestan·

315 3782 445 3845 tissimo
470 3783 552 3858 viro,
578 3785 715 3866 cognitu
741 3784 909 3865 ingratum
934 3784 1006 3846 erit.

323 3962 518 3970 --——-—

354 4051 380 4118 1)
399 4051 439 4101 Ct.
459 4053 530 4102 Suet.
550 4051 636 4101 Galba
656 4065 699 4116 19:
721 4052 823 4118 equites
842 4053 938 4118 quibus
956 4052 1078 4102 mandata
1096 4053 1189 4103 caedes
1207 4064 1270 4103 erat.

351 4137 379 4204 2)
398 4139 537 4188 Suetonius
552 4138 585 4188 Ο.
600 4136 616 4186 8
632 4139 774 4188 rectissime
791 4139 819 4188 iu
835 4139 983 4189 narratione
997 4138 1030 4187 de
1042 4139 1093 4189 hoc
1104 4139 1214 4190 tumultu
1224 4139 1386 4189 Ostieuslum
1396 4139 1505 4189 militum

315 4225 475 4274 mentionem
493 4225 555 4274 iacit
574 4225 680 4273 nullam.
699 4225 739 4274 De
759 4225 870 4274 consilio
888 4241 959 4274 arma
977 4225 1022 4275 illa
1040 4241 1054 4274 e
1071 4226 1200 4290 praetorio
1217 4226 1324 4290 petendi
1339 4241 1406 4290 qune
1421 4233 1505 4274 narrat

315 4311 394 4374 paulo
419 4319 480 4360 sunt
503 4311 668 4375 obscuriorn3
693 4311 738 4360 sed
763 4327 811 4360 cur
835 4327 849 4360 e
875 4311 1005 4376 praetorio
1030 4311 1081 4361 siut
1105 4312 1188 4375 petita
1212 4327 1290 4361 nunc·
1304 4327 1358 4361 non
1379 4326 1505 4378 curamus,

315 4396 455 4446 dummodo
474 4397 534 4446 inde
553 4396 635 4462 petita
653 4403 763 4446 constet.
