3248 5230
183 961 334 1023 INDEX
358 960 724 1026 VOCABULORUM
749 961 1122 1028 NONNULLORUM
1148 961 1282 1043 QUAE

374 1064 535 1130 PAULO
560 1066 586 1128 F
592 1064 729 1131 USIUS
753 1066 1092 1132 TRACTANTUR.

630 1277 824 1285 .-—..-

138 1401 241 1449 Addere
258 1399 425 1465 (sententiae,
442 1401 564 1450 codicillo
584 1401 680 1469 simm.)

138 1473 280 1521 Adulteria
299 1470 435 1536 (inscrtum
455 1489 470 1521 a
488 1472 605 1538 legente)

138 1544 245 1592 Aestiva
263 1542 370 1609 (castra)

138 1616 222 1678 Agger
240 1613 322 1680 (viae)

138 1686 181 1734 An
199 1684 318 1750 (dulium
338 1703 373 1734 an
391 1684 553 1756 affirmantis)

139 1757 277 1821 appellere
298 1751 403 1822 (navem
425 1773 450 1794 ε
473 1757 583 1820 dirigere
602 1755 641 1822 n.)

139 1829 261 1876 Attinere

139 1900 239 1947 Auctor
256 1906 378 1963 actorque

140 1971 196 2019 Ant
213 1968 278 2034 (non
296 1969 484 2035 emphaticum)

58 2065 64 2080 ·
141 2041 239 2089 Chauci
256 2039 314 2105 (ubi
333 2041 474 2089 habitarint
494 2041 525 2088 T.
545 2038 720 2106 obliviscitur)

141 2112 278 2176 Complecti
295 2111 396 2176 (armis)

141 2183 249 2232 Constat
267 2189 293 2231 et
311 2183 377 2231 sotis
394 2189 496 2230 constat
513 2179 664 2247 (structura)

139 2255 322 2318 Consumptus‚
340 2260 490 2317 corruptus7
508 2259 669 2316 contemptus
686 2251 818 2319 (confusa)

139 2325 279 2374 Discordia
297 2323 373 2388 (opp.
394 2320 469 2392 fides)

139 2397 236 2461 Fateor,
248 2395 345 2460 favere

138 2469 228 2516 Ferox
245 2464 394 2531 (scelerum)

139 2539 217 2587 Fides
234 2536 310 2604 (opp.
329 2535 471 2601 discordia)

138 2611 285 2673 Flagitium

138 2681 258 2730 Hiberna
276 2678 383 2745 (cestra)

137 2753 235 2802 Hortis
253 2751 361 2800 inhians
378 2748 511 2813 (flosculus
529 2747 667 2813 oratorius)

138 2823 209 2872 Idem
229 2820 388 2888 („ironice'’)
407 2819 532 2886 positum)

138 2895 249 2944 Imitari
268 2892 414 2957 principem

139 2967 283 3014 Immensns

138 3037 296 3100 Inrumpere
312 3033 378 3100 (quo
397 3049 474 3084 sensu
493 3032 617 3098 ponatur)

138 3108 247 3170 Integra
265 3105 352 3170 (quies
371 3113 397 3154 et
413 3104 508 3170 simm.)

139 3179 262 3242 Intellego

139 3251 278 3299 Intendere
296 3246 336 3314 (=
359 3245 466 3312 augere)

139 3321 230 3370 Limen
252 3318 340 3385 (belli)

138 3392 223 3441 Limes
240 3389 322 3458 (viae)

137 3462 210 3511 Nam
229 3459 448 3528 (praeteritivum)

139 3533 236 3583 Paelex

138 3604 249 3668 Referre
266 3602 416 3670 (structura)

138 3677 280 3725 Remittere
297 3674 373 3740 (opp.
392 3671 537 3738 intendere)

138 3747 267 3796 Resistere

138 3819 200 3867 Sine
217 3817 294 3866 dnbio
311 3812 504 3880 (concedentis)

139 3889 248 3953 Spect'em
268 3887 399 3936 amicitiae
416 3887 529 3935 retinere

138 3961 224 4024 Super
235 3959 380 4024 fortunam
400 3955 439 4022 (=
462 3959 580 4018 κρείττων
597 3957 643 4013 τῆς
660 3954 756 4020 τύχης)

139 4029 304 4096 Superlativi
323 4044 383 4078 usus
402 4027 508 4076 liberior

145 4103 243 4151 Tamen
262 4099 371 4166 (silentia)

145 4173 263 4222 Trahere
279 4171 372 4238 (verba
389 4170 417 4218 in
437 4169 551 4218 deterius
570 4167 666 4233 sitnm.)

143 4245 229 4308 thue
245 4241 285 4310 (n
309 4249 335 4292 et
353 4257 386 4289 nc
405 4240 470 4306 non)

145 4315 258 4364 Vacuam
280 4327 363 4362 arcem
383 4310 483 4360 tradere

145 4385 250 4435 Vertere
267 4383 307 4450 (in
326 4382 449 4447 ludribia,
467 4381 494 4430 in
514 4379 651 4445 offensam)

638 4557 832 4568 ..--.—-·
