3228 5236
654 433 713 501 Ι57

138 597 253 679 ,Quod
275 597 438 660 damnum
459 597 582 662 Caesar
601 599 649 662 ad
660 598 811 682 gloriam
827 599 930 662 vertit
948 598 1094 662 exolutis
1115 601 1279 664 domuum

98 727 127 780 et
148 717 328 781 insularum
353 717 502 800 pretiis.”

136 838 209 900 Non
233 838 462 902 misericordia
487 847 618 900 motum
641 846 772 901 tantam
796 839 1002 921 impendisse
1023 841 1201 922 pecuniam
1222 840 1278 904 Ti·

97 957 226 1032 berium,
249 959 309 1021 sed
334 967 372 1022 ut
395 959 539 1041 gratiam
563 957 663 1021 iniret
686 957 822 1034 civium,
846 957 900 1020 vel
924 959 1003 1040 quia
1027 968 1161 1042 putaret
1185 961 1276 1024 illam

97 1077 351 1140 munificentiam
381 1097 479 1140 suum
511 1079 632 1142 decere
664 1086 789 1140 statum
821 1077 1012 1160 locumque,
1046 1081 1072 1142 si
1103 1081 1276 1157 sumimus

94 1197 279 1260 coniectura
310 1197 444 1272 utimur,
477 1196 644 1280 probabili
673 1199 821 1280 quidem,
846 1199 905 1261 sed
930 1207 1045 1262 tamen
1070 1201 1275 1264 coniectura.

93 1315 133 1378 Et
161 1317 242 1398 quid
271 1325 344 1379 tum
368 1317 530 1380 sumimus
554 1318 647 1398 quod
672 1337 740 1380 non
765 1315 818 1380 vel
841 1318 875 1380 in
900 1319 1068 1401 optimum
1092 1321 1274 1385 conveniat

91 1434 292 1519 principem?
317 1434 385 1500 Sed
410 1437 475 1536 qui‘
489 1435 571 1500 nihil
591 1436 645 1499 hic
666 1437 781 1500 videre
801 1435 874 1500 vult
894 1437 957 1500 nisi
978 1459 1100 1502 vanam
1120 1441 1273 1504 iactatio-

91 1573 161 1615 nem
184 1564 220 1616 et
243 1555 397 1617 insanum
421 1555 548 1636 gloriae
568 1555 729 1630 studium,
749 1555 776 1618 is
797 1556 935 1638 quidem
956 1557 1108 1640 legentes
1127 1559 1273 1623 ludibrio

90 1672 207 1737 habere
232 1674 314 1738 mihi
339 1675 484 1738 videtur.

128 1791 162 1856 C.
181 1793 236 1872 46.
259 1794 311 1856 De
331 1794 499 1857 tradendo
518 1794 661 1878 imperio
683 1795 812 1878 cogitat
832 1795 997 1871 Tiberius,
1017 1798 1077 1861 sed
1095 1818 1163 1862 non
1176 1798 1273 1863 facile

88 1913 115 1974 ei
144 1921 194 1976 est
225 1922 345 1996 aptum
378 1915 520 1998 imperio
548 1915 700 1978 invenire
726 1935 972 1980 successorem:
1005 1916 1041 1981 C.
1074 1917 1199 1982 Caesar
1221 1921 1274 1982 su·

88 2043 216 2114 spectus
245 2033 276 2096 ei
308 2042 370 2110 est,
402 2055 519 2117 nepos,
551 2035 662 2097 Druso
687 2034 756 2099 filio
778 2037 921 2118 genitus,
945 2037 1042 2099 annis
1065 2038 1273 2115 immaturus,

89 2162 194 2216 mente
219 2163 341 2237 captus
364 2153 539 2218 Claudius:

130 2271 205 2352 ,Sin
230 2281 328 2336 extra
351 2274 492 2337 domum
511 2294 684 2337 successor
703 2283 931 2356 quaereretur,
953 2296 995 2338 ne
1016 2278 1178 2342 memoria
1200 2278 1270 2342 Au-

88 2393 177 2472 gusti,
198 2413 240 2456 ne
262 2413 387 2456 nomen
407 2393 588 2458 Caesarum
608 2394 642 2456 in
663 2393 846 2457 ludibrium
867 2404 1049 2471 verterent,
1062 2397 1270 2492 metuebatl’

128 2511 226 2588 Nihil,
252 2522 289 2577 ut
312 2515 442 2596 opinor,
469 2512 533 2576 hoc
555 2522 645 2577 metu
667 2514 853 2595 excogitari
875 2523 989 2596 potest
1010 2517 1115 2597 magis
1136 2515 1270 2580 honori·

89 2629 190 2695 ficum.
213 2633 271 2696 An
296 2634 389 2697 cordi
410 2653 478 2696 non
498 2653 572 2696 esse
592 2641 750 2715 oportere
771 2634 876 2696 cuivis
896 2654 1094 2698 censeamus
1114 2636 1269 2719 principi,

89 2758 121 2812 ut
141 2751 240 2815 etiam
265 2761 344 2834 post
367 2772 462 2816 suam
486 2761 631 2816 mortem
655 2753 705 2816 sui
729 2753 823 2834 regni
850 2761 980 2836 perstet
1004 2752 1187 2816 memorial
1210 2755 1269 2818 An

88 2889 282 2953 quemquam
318 2892 433 2954 regem
468 2873 752 2954 imperatoremve
785 2881 855 2936 tam
888 2873 1047 2937 hebetem
1078 2874 1270 2937 somnolen-

85 2995 216 3072 tumque
240 3011 315 3054 esse
338 2991 547 3074 postulemus
571 3000 608 3055 ut
631 3012 667 3054 se
692 3012 769 3054 cum
790 3000 864 3055 toto
884 3011 945 3055 suo
966 2993 1109 3075 imperio
1128 3001 1270 3076 totaque

86 3127 139 3172 sua
160 3118 261 3192 gente
285 3111 319 3173 in
343 3109 551 3174 oblivionem
572 3112 687 3174 venire
708 3131 818 3193 aequo
839 3111 924 3175 ierat
944 3110 1079 3176 animo?
1100 3111 1269 3195 Quorsum

85 3247 159 3310 ergo
188 3231 337 3313 pertinet
360 3231 504 3293 mordax
527 3231 617 3293 istud
643 3239 677 3294 et
702 3229 842 3294 lividum
867 3232 910 3294 de
934 3230 1072 3296 Tiberio
1097 3233 1269 3310 iudicium,

83 3349 166 3428 quod
191 3349 304 3413 verbis
327 3351 431 3413 modo
454 3349 564 3413 allatis
588 3349 726 3413 Tacitus
748 3350 920 3434 adiungit:

125 3467 278 3552 ,Quippe
309 3469 355 3532 illi
388 3490 456 3532 non
487 3470 629 3552 perinde
657 3490 757 3534 curae
780 3473 889 3553 gratia
913 3473 1140 3554 praesentium
1165 3495 1266 3556 quam

82 3583 112 3646 in
134 3597 288 3670 posteros
310 3587 495 3652 ambitio'’i

122 3707 241 3773 Nonne
283 3709 373 3772 enim
409 3709 582 3792 egregium
617 3708 709 3784 illud,
746 3729 826 3791 prae
861 3708 951 3771 fama
985 3710 1074 3791 apud
1111 3717 1266 3792 posteros

78 3830 293 3907 praesentium
321 3830 475 3913 gratiam
505 3827 696 3912 negligere?
729 3827 853 3890 Nonne
884 3828 949 3891 hoc
979 3848 1115 3911 semper
1145 3849 1263 3894 omnes

82 3944 223 4012 lecerunt
243 3948 425 4031 principes,
446 3950 503 4030 qui
524 3949 663 4031 quidem
683 3968 719 4010 se
742 3967 810 4009 non
831 3946 874 4010 ab
895 3947 1052 4011 omnibus
1065 3950 1263 4014 mortalibus

81 4069 255 4150 contemni,
278 4069 420 4151 despici,
444 4069 590 4132 derideri
615 4065 761 4132 vellent?
786 4065 935 4132 Omnino
957 4069 1029 4134 viri
1047 4079 1100 4134 est
1119 4070 1262 4152 gratiam

82 4188 299 4264 praesentium
324 4189 419 4270 parvi
445 4197 581 4272 putare;
606 4186 706 4271 plane
732 4185 822 4250 illam
846 4187 1032 4271 despicere,
1055 4210 1123 4272 quo
1144 4188 1262 4253 melius

81 4301 181 4368 lamae
202 4307 293 4389 apud
318 4316 473 4390 posteros
492 4306 656 4382 consulat,
677 4307 839 4390 principis
858 4316 911 4371 est
931 4308 1068 4389 eiusque
1090 4317 1260 4392 praestan·

79 4423 199 4488 tissimi.
220 4425 360 4489 Tacitus
379 4436 494 4492 tamen
515 4426 722 4511 praeclaram
744 4426 870 4489 Tiberii
891 4429 1095 4492 sententiam
1116 4431 1260 4513 pruden-
