3228 5236
873 441 937 522 236

351 619 394 681 H.
420 619 462 693 11,
488 619 541 681 68.
578 620 616 681 In
646 619 797 683 exercitu
826 620 956 684 Vitellii
984 642 1003 684 e
1027 621 1100 683 rixa
1124 621 1297 704 legionarii
1323 621 1439 685 militis
1466 631 1505 685 et

308 738 395 803 Galli
420 739 538 820 ingens
562 739 728 802 tumultus
751 741 942 824 caedesque
966 741 1132 805 nascitur:

354 859 577 940 „Remedium
606 857 770 922 tumultus
794 859 856 922 fuit
881 860 965 924 alius
989 859 1161 922 tumultus.
1186 860 1299 923 Pulvis
1323 860 1442 944 procul
1471 869 1508 924 et

306 1000 399 1043 arma
424 979 692 1061 aspiciebantur:
717 979 966 1043 conclamatum
993 989 1135 1064 repente
1155 989 1310 1062 quartam
1330 981 1509 1044 decimam

304 1097 474 1180 legionem
502 1117 600 1160 verso
624 1099 744 1162 itinere
764 1100 808 1162 ad
830 1100 996 1182 proelium
1016 1101 1148 1175 venire;
1168 1100 1228 1163 sed
1247 1107 1343 1164 erant
1355 1100 1510 1184 agminis

305 1225 499 1281 coactores:
524 1217 630 1299 agniti
654 1218 834 1300 dempsere
858 1218 1154 1282 sollicitudinem.''

350 1337 473 1400 Dicere
504 1357 572 1402 non
604 1357 741 1420 possum
774 1358 876 1421 quarn
905 1339 1037 1421 ingrata
1062 1338 1143 1402 mihi
1167 1339 1309 1401 accedat
1332 1339 1376 1400 ad
1400 1359 1508 1401 aures

305 1457 403 1520 huius
429 1455 494 1520 loci
525 1457 653 1532 oratio;
686 1456 830 1520 elumbis
860 1459 1004 1533 videtur,
1037 1457 1206 1541 languida,
1228 1457 1373 1540 puerilis,
1399 1458 1506 1521 Prae·

305 1577 421 1640 sertim
445 1553 544 1640 eblon
569 1576 658 1639 istud
683 1576 743 1639 sed
761 1588 860 1640 erant
882 1579 1028 1661 agyninis
1050 1590 1213 1642 coactores
1235 1579 1384 1642 ieiunum
1407 1576 1505 1659 lrigi·

305 1697 455 1780 dumque
476 1703 544 1772 est;
565 1696 625 1759 sed
647 1696 786 1758 omnino
808 1697 1028 1760 vehementer
1044 1697 1201 1780 displicet
1214 1698 1248 1760 in
1262 1698 1330 1760 duo
1344 1696 1506 1758 membra

305 1817 468 1880 distracta
502 1814 771 1897 simplicissimae
806 1816 853 1878 rei
889 1816 1047 1878 narratio.
1080 1813 1149 1880 Vin
1181 1816 1214 1878 in
1246 1835 1349 1879 unum
1375 1835 1509 1898 corpus

304 1936 450 1998 solidum
480 1944 583 2017 atque
618 1935 793 1998 robustum
826 1943 948 1998 cuncta
979 1932 1113 2018 colligi?
1139 1935 1275 2000 Mecum
1299 1935 1391 2017 lege:
1421 1935 1507 2016 „sed

303 2056 448 2138 agminis
471 2063 646 2118 coactores
670 2055 776 2138 agniti
801 2056 980 2138 dempsere
1004 2053 1300 2118 sollicitudinem.”

349 2174 456 2239 Simili
489 2175 609 2237 morbo
641 2173 773 2237 laborat
796 2173 890 2237 locus
916 2175 959 2238 H.
985 2175 1045 2250 ΙΙΙ,
1072 2189 1123 2256 25.
1148 2173 1324 2238 Praecedit
1348 2175 1507 2238 narratio

305 2293 347 2356 de
368 2302 464 2376 patre
485 2313 505 2356 a
525 2293 594 2356 filio
615 2295 648 2356 in
668 2313 783 2376 pugna
803 2293 1025 2357 Cremonensi
1048 2293 1227 2358 interiecto
1243 2293 1353 2375 deque
1366 2293 1507 2356 acerbis

302 2413 360 2476 filii
385 2420 462 2495 post
485 2413 637 2496 agnitum
662 2412 790 2475 lacinus
813 2412 1005 2495 questibus:

350 2533 561 2614 „Advertere
591 2532 749 2614 proximi,
781 2531 859 2594 dein
884 2531 1011 2613 plures:
1038 2531 1116 2596 hinc
1141 2551 1361 2614 peromnem
1386 2532 1502 2596 aciem

304 2652 501 2716 miraculum
533 2660 568 2714 et
591 2659 731 2734 questus
753 2659 788 2714 et
812 2651 997 2714 saevissimi
1022 2651 1101 2716 belli
1124 2652 1323 2716 exsecratio.
1356 2652 1430 2715 Nec
1457 2673 1504 2716 eo

302 2774 438 2856 segnius
462 2773 672 2855 propinquos
695 2770 816 2835 adfinis
841 2770 960 2834 fratres
983 2771 1156 2834 trucidant
1179 2771 1343 2854 spoliant;
1368 2771 1503 2836 lactum

302 2913 374 2956 esse
398 2892 507 2956 scelus
530 2893 713 2974 loquuntur
736 2890 965 2972 faciuntque”.

346 3010 519 3093 Quantum
540 3012 652 3093 potuit
672 3010 780 3073 scelus
800 3011 855 3074 hic
875 3011 947 3093 ipse
967 3011 1136 3074 commisit
1158 3010 1297 3074 sciolus:
1311 3011 1504 3074 trucidavit

302 3133 391 3196 enirn
424 3133 614 3194 orationem
638 3131 825 3194 Taciteam.
851 3129 918 3194 Sed
944 3128 1026 3193 nihil
1051 3129 1180 3193 facilius
1203 3150 1306 3212 quam
1330 3131 1363 3192 in
1388 3130 1502 3193 vitam

302 3270 376 3314 earn
398 3269 574 3326 revocare;
596 3250 824 3314 abiiciendum
845 3259 897 3313 est
917 3270 1018 3326 onus,
1033 3270 1101 3332 quo
1114 3251 1333 3332 opprimitur:
1352 3259 1503 3330 „...tru·

300 3371 417 3434 cidant
437 3368 600 3452 spoliant:
625 3370 729 3434 scelus
747 3371 926 3453 loquuntur
939 3369 1169 3454 faciuntque’'.
1196 3371 1284 3455 Hoc,
1303 3379 1340 3433 ut
1361 3371 1500 3452 opinor,

301 3491 479 3554 Taciteum
503 3497 564 3552 est.

347 3613 391 3675 H.
416 3612 477 3688 111,
506 3629 556 3694 39.
589 3609 715 3674 Acrem
747 3610 781 3673 in
814 3610 947 3673 Iunium
972 3608 1127 3673 Blaesum
1150 3609 1301 3691 concipit
1324 3611 1407 3673 iram
1434 3611 1501 3675 Vi-

299 3731 412 3795 tellius
443 3731 637 3814 imperator,
667 3749 769 3812 quam
792 3728 833 3792 L.
858 3728 1016 3792 Vitellius
1039 3729 1331 3793 criminationibus
1353 3729 1421 3791 suis
1448 3731 1501 3794 in·

300 3851 432 3924 cendit;
458 3851 614 3912 tandem:

348 3970 550 4052 „trepidanti
571 3971 659 4032 inter
678 3967 786 4031 scelus
808 3975 1014 4049 metumque,
1036 3987 1077 4030 ne
1099 3967 1204 4029 dilata
1222 3986 1312 4030 mors
1325 3975 1499 4034 maturam

300 4090 495 4172 perniciem,
516 4086 628 4170 palam
648 4089 736 4150 iussa
755 4095 905 4150 atrocem
919 4087 1082 4152 invidiam
1096 4086 1206 4162 ferret,
1221 4086 1347 4169 placuit
1361 4107 1499 4154 veneno

298 4209 451 4292 grassari.
466 4205 613 4270 Addidit
627 4205 765 4270 facinori
780 4207 882 4270 fidem
896 4207 1001 4270 nobili
1014 4208 1148 4290 gaudio,
1164 4206 1319 4269 Blaesum
1334 4208 1480 4273 visendo
1489 4237 1497 4286 ;

299 4330 380 4411 quin
402 4334 436 4389 et
457 4325 574 4388 audita
589 4333 641 4388 est
652 4328 848 4390 saevissima
865 4326 994 4391 Vitellii
1008 4348 1085 4402 vox,
1102 4345 1170 4409 qua
1182 4347 1217 4389 se
1231 4327 1364 4408 pavisse
1376 4327 1498 4392 oculos

298 4451 453 4527 spectata
477 4443 602 4507 inimici
627 4452 736 4507 morte
762 4445 934 4508 iactavit.'’
