3248 5230
879 425 943 503 284

362 602 406 664 H.
434 602 494 676 111,
520 601 572 680 84.
598 601 722 664 Misera
746 601 875 666 Vitellii
900 603 979 686 luga
1002 606 1137 687 egregie
1161 605 1372 688 depingitur:

364 719 542 800 ,Vitellius
562 728 664 802 capta
684 721 766 784 urbe
787 741 848 804 per
868 742 1021 786 aversam
1041 722 1160 786 Palatii
1175 733 1306 806 partem
1320 727 1354 788 in
1368 727 1509 788 domum

318 841 432 904 uxoris
463 839 580 903 sellula
604 840 764 916 defertur,
789 850 836 916 ut,
861 842 887 904 si
911 841 1002 905 diem
1027 842 1156 905 latebra
1179 843 1365 919 vitavisset,
1391 844 1512 908 Tarra·

318 962 428 1024 cinam
463 962 506 1023 ad
543 960 701 1024 cohortes
736 961 924 1044 fratemque
959 962 1168 1044 perfugeret:
1206 964 1285 1026 dein
1321 963 1512 1027 mobilitate

317 1081 454 1164 ingenii,
491 1090 526 1144 et
562 1101 648 1163 quae
681 1089 800 1145 natura
832 1083 967 1165 pavoris
997 1090 1060 1164 est,
1092 1103 1168 1145 cum
1200 1085 1315 1148 omnia
1346 1085 1512 1148 metuenti

320 1201 512 1284 praesentia
532 1201 680 1264 maxime
701 1200 929 1284 displicerent,
950 1202 983 1266 in
997 1201 1163 1265 Palatium
1176 1204 1365 1285 regreditur
1377 1213 1512 1268 vastum

316 1442 388 1504 eius
412 1441 672 1505 declinantibus.
697 1440 818 1503 Terret
841 1441 989 1504 solitudo
1012 1448 1048 1504 et
1072 1449 1225 1505 tacentes
1248 1442 1331 1520 loci,
1361 1451 1511 1525 temptat

316 1561 438 1636 clausa,
464 1560 664 1623 inhorrescit
688 1558 836 1622 vacuis.”

362 1678 601 1742 Leviusculum
614 1679 755 1742 fortasse
768 1678 1041 1761 videbiturquod
1055 1679 1182 1755 dicam;
1192 1699 1383 1764 proponam
1393 1689 1510 1744 tamen

315 1799 603 1873 emendationem,
627 1807 664 1860 ut
688 1818 753 1880 ego
777 1818 911 1874 censeo,
936 1797 1036 1881 plane
1061 1799 1295 1862 necessariam.
1320 1800 1384 1862 Pro
1405 1812 1513 1865 terret

315 1918 498 2000 legendum
522 1925 573 1980 est
597 1929 741 1981 terrent:
767 1918 893 1980 etenim
912 1917 1028 1980 statim
1048 1917 1258 1981 audientium
1278 1919 1513 1984 recitantium-

315 2059 382 2121 que
406 2058 504 2101 aures
527 2039 651 2101 sentire
676 2038 805 2101 debent
828 2037 919 2100 aliud
944 2057 1017 2101 esse
1037 2039 1228 2121 temptandi,
1250 2039 1340 2103 aliud
1362 2041 1516 2104 terrendi

318 2157 412 2221 verbi
444 2157 644 2220 subiectum.
678 2155 733 2222 Sic
765 2157 909 2239 primum
941 2165 1021 2220 ante
1051 2166 1202 2220 mentem
1226 2159 1333 2240 surgit
1356 2159 1512 2222 locorum

317 2277 430 2359 imago
454 2285 489 2339 et
512 2277 674 2340 continuo
698 2284 777 2359 post
800 2277 872 2358 ipse
896 2277 1055 2358 princeps
1078 2276 1292 2339 miserrimus.

361 2517 405 2579 H.
430 2516 491 2592 IV,
522 2532 570 2578 12.
595 2516 799 2578 Batavorum
824 2515 976 2579 conditio
1000 2515 1138 2578 minime
1159 2514 1276 2578 infelix
1295 2515 1511 2579 describitur.

320 2635 469 2718 „Erant”
492 2637 540 2699 ait
563 2635 719 2698 Tacitus:

363 2777 445 2837 ,nec
466 2756 588 2839 opibus
609 2755 772 2818 Romanis
791 2755 955 2817 societate
976 2753 1177 2817 validiorum
1197 2754 1303 2817 attriti
1324 2755 1414 2817 viros
1434 2763 1512 2818 tan·

317 2885 389 2939 tum
414 2895 574 2957 armaque
598 2875 741 2958 imperio
766 2873 967 2948 ministrant,
989 2874 1046 2936 diu
1067 2873 1276 2937 Germanicis
1298 2873 1394 2937 bellis
1414 2895 1514 2937 exer·

316 2996 384 3071 citi,
411 3015 491 3057 mox
514 3003 614 3057 aucta
638 3015 698 3077 per
721 2994 930 3057 Britanniam
955 2992 1094 3075 gloria.’'
1151 3031 1154 3036 ,

361 3116 426 3180 Pro
457 3115 652 3178 ministrant
683 3113 855 3176 Wurmius
887 3121 978 3175 recte
1010 3112 1105 3175 dedit
1137 3111 1383 3178 ministrabant.
1412 3112 1514 3196 Quae

318 3235 527 3319 praecedunt
547 3233 699 3296 nondum
719 3235 766 3296 ita
785 3240 864 3296 sunt
883 3239 1035 3295 correcta
1047 3240 1085 3294 ut
1097 3233 1226 3296 sincera
1239 3231 1341 3296 lectio
1354 3233 1514 3297 restituta

316 3355 424 3418 videri
449 3354 565 3437 possit.
591 3351 753 3434 Agricola
777 3354 853 3415 voci
877 3372 910 3434 q.
936 3372 964 3413 e.
988 3352 1138 3416 societate
1160 3352 1285 3415 adiecit
1309 3351 1514 3436 particulam

315 3498 364 3550 ve,
390 3474 537 3538 Vlietius
560 3473 719 3536 Romanis
742 3473 886 3548 inclusit,
911 3492 1056 3553 quorum
1080 3480 1236 3534 neutrum
1261 3471 1393 3535 sufficit.
1425 3471 1515 3554 Quis

318 3597 407 3660 enim
439 3595 502 3658 iste
530 3601 581 3656 est
605 3593 857 3655 enuntiatorum
881 3593 976 3667 ordo,
1002 3612 1070 3675 quo
1095 3593 1213 3655 Batavi
1238 3593 1330 3675 prius
1354 3593 1515 3656 dicantur

320 3717 461 3799 „opibus
485 3735 552 3777 non
578 3713 684 3776 attriti
709 3711 804 3774 esse”
828 3713 952 3774 deinde
980 3713 1089 3792 „viros
1112 3719 1245 3775 tantum
1266 3731 1427 3793 armaque
1448 3713 1513 3776 im·

317 3836 411 3918 perio
436 3833 675 3907 ministrasse”,
700 3841 875 3913 tamquam
898 3832 925 3893 si
950 3830 1006 3894 illa
1030 3851 1082 3893 res
1106 3832 1337 3913 praecesserit,
1361 3830 1445 3893 haec
1465 3833 1514 3895 sit

315 3963 442 4030 secuta,
463 3962 498 4016 et
519 3975 587 4016 non
608 3953 692 4016 haec
713 3951 800 4014 illius
820 3950 919 4014 fuerit
940 3949 1060 4013 causa?
1081 3951 1212 4013 Tamen
1227 3958 1304 4032 post
1318 3949 1513 4014 Wurmium

318 4074 550 4155 Vlietiumque
583 4092 650 4134 non
680 4070 822 4134 multum
846 4071 1016 4154 agendum
1041 4079 1161 4132 restat:
1187 4069 1319 4132 illorum
1344 4069 1435 4131 enim
1460 4090 1513 4132 re·

316 4194 424 4275 ceptis
448 4191 744 4253 emendationibus
768 4191 872 4252 verba
898 4191 1006 4269 „viros
1030 4198 1344 4269 tantumarmaque
1367 4189 1513 4269 imperio

317 4308 577 4374 ministrabant”
602 4329 693 4390 pono
714 4309 747 4372 in
768 4309 972 4391 parenthesi,
995 4317 1031 4371 ut
1050 4310 1155 4383 aiunt,
1177 4317 1214 4370 ut
1234 4327 1293 4370 sua
1313 4309 1385 4388 ipse
1406 4308 1513 4370 verba

316 4430 484 4492 illustrans
507 4428 645 4490 Tacitus
669 4429 865 4490 inducatur:
