3248 5230
680 488 743 554 243

120 647 284 712 Romanis
314 649 411 713 facile
443 659 493 714 est
525 652 703 716 coniicere.
735 653 835 716 Dabo
867 655 940 736 ipsa
964 655 1079 732 verba,
1110 677 1197 738 quae
1221 677 1310 720 nunc

119 769 209 848 apud
236 767 482 850 Nipperdeium
506 769 680 853 leguntur:

166 887 317 969 „Neque
351 897 387 951 ut
418 891 452 952 in
484 891 633 972 pedestri
665 891 752 967 acie,
785 893 974 955 comminus
1007 893 1216 970 certabatur;
1248 896 1309 958 sed

118 1013 293 1088 tamquam
319 1009 429 1072 navali
453 1029 577 1092 pugna,
601 1010 678 1092 vagi
702 1011 791 1073 inter
814 1010 922 1096 undas
945 1019 1014 1087 aut,
1038 1013 1065 1075 si
1085 1013 1168 1095 quid
1188 1014 1309 1077 stabile

119 1125 327 1202 occurrebat,
360 1128 441 1190 totis
472 1127 538 1190 illic
562 1129 760 1211 corporibus
786 1130 944 1206 nitentes,
968 1129 1135 1194 vulnerati
1159 1151 1236 1194 curn
1262 1133 1310 1195 in·

119 1245 232 1326 tegriS,
257 1246 356 1328 periti
376 1247 479 1309 nandi
504 1267 581 1309 cum
606 1249 731 1330 ignaris
754 1249 788 1312 in
814 1258 965 1312 mutuam
991 1249 1176 1332 perniciem
1200 1251 1308 1334 impli-

118 1361 314 1426 cabantur.”

161 1482 231 1545 Ain
262 1481 364 1546 vero?
400 1485 495 1548 Ibine
527 1505 595 1549 non
625 1487 804 1550 comminus
835 1488 1039 1563 certabatur,
1070 1489 1128 1552 ubi
1153 1487 1309 1553 homines

119 1601 374 1683 implicabantur
403 1605 491 1667 inter
521 1603 578 1668 se?
610 1604 851 1688 Quidquamne
882 1627 1063 1670 commune
1094 1616 1145 1671 est
1174 1630 1307 1691 pugnae

17 1711 18 1716 ’
118 1718 293 1783 hominum
324 1721 358 1784 in
387 1722 505 1786 mediis
528 1725 623 1806 aquis
648 1725 837 1788 natantium
862 1745 1046 1808 eorumque
1072 1727 1129 1808 qui
1154 1747 1195 1790 ne
1219 1749 1307 1812 aqua

17 1809 18 1820 ἵ
119 1849 312 1922 mergantur
342 1841 500 1904 omnibus
531 1843 685 1905 nituntur
715 1844 826 1906 modis
943 1853 977 1906 et
1009 1865 1143 1927 pugnae
1175 1845 1307 1909 navali?

120 1958 210 2021 Nihil
241 1959 311 2022 vidi
343 1961 450 2043 magis
481 1961 716 2043 perturbatum
749 1963 923 2045 magisque
946 1963 1141 2027 absurdum.
1175 1964 1306 2028 Bonum

17 2055 18 2064 ἵ
118 2077 242 2141 factum
273 2080 367 2160 quod
398 2087 513 2142 tamen
538 2080 611 2162 ipsa
635 2088 750 2143 textus
774 2082 926 2144 conditio
950 2082 1064 2165 aliquo
1089 2084 1192 2146 modo
1217 2085 1306 2147 unde

17 2219 18 2230 ¹
118 2217 234 2260 omnes
262 2197 340 2260 illae
364 2198 482 2261 turbae
507 2206 607 2261 natae
630 2199 698 2261 sint
721 2199 858 2274 indicat,
884 2208 1018 2264 etcum
1044 2203 1153 2265 morbi
1177 2203 1307 2286 origine

17 2307 18 2318 ’
117 2317 255 2380 sanandi
286 2316 452 2379 rationem
485 2317 596 2380 docet.
629 2317 807 2381 Traditum
839 2319 930 2382 enim
961 2328 1104 2383 estnon
1128 2324 1307 2387 comminus

17 2481 18 2494 r
117 2437 175 2499 sed
206 2438 385 2500 comminus
411 2437 528 2511 minus,
553 2437 643 2500 unde
672 2437 739 2501 Iac.
764 2436 955 2502 Gronovius
979 2441 1158 2505 comminus
1180 2443 1306 2506 eminus

118 2553 204 2630 fecit,
235 2557 269 2618 in
302 2577 369 2637 qua
398 2556 554 2632 lectione,
585 2564 622 2619 ut
646 2559 761 2621 statim
786 2558 986 2633 videbimus
1011 2579 1089 2641 pars
1112 2561 1181 2623 veri
1207 2562 1304 2624 inest.

17 2731 18 2756 ξ
119 2673 344 2756 Nipperdeius
374 2675 566 2738 abiiciendo
598 2659 707 2740 minus
737 2676 825 2739 ultro
854 2678 1004 2760 corrupit
1027 2677 1150 2741 locum.
1176 2678 1242 2754 Sic,
1268 2689 1304 2743 ut

17 2779 18 2854 ἶ
118 2793 244 2874 opinor,
269 2794 409 2857 Tacitus
432 2795 583 2877 scripsit:

161 2911 279 2993 Neque
312 2920 350 2974 ut
372 2914 521 2995 pedestri
546 2914 617 2976 acie
642 2915 835 2978 certabatur
858 2935 969 2997 neque
992 2923 1166 2997 tamquam
1192 2917 1303 2980 navali

117 3050 242 3113 pugna:
268 3033 346 3113 vagi
370 3033 459 3094 inter
481 3032 588 3094 undas
612 3041 680 3107 aut,
701 3034 727 3095 si
748 3034 830 3115 quid
850 3032 971 3097 stabile
992 3034 1200 3111 occurrebat,
1222 3036 1303 3098 totis

115 3148 178 3213 illic
202 3151 331 3214 viribus
354 3151 500 3216 nitentes
524 3171 553 3214 e.
566 3172 599 3233 q.
613 3151 661 3214 s.”

159 3271 214 3334 Ad
239 3272 390 3355 pedestri
418 3272 488 3334 acie
517 3270 640 3333 sciolus
670 3271 791 3353 aliquis
822 3274 1009 3348 annotavit,
1042 3275 1230 3349 comminus,
1260 3276 1303 3338 ad

116 3391 227 3454 navali
250 3403 368 3475 pugna
391 3387 571 3474 adscripsit
592 3392 735 3468 eminus;
761 3392 853 3474 quod
879 3413 897 3455 e
921 3392 1052 3456 duabus
1076 3393 1304 3456 annotationi·

117 3509 177 3572 bus
206 3519 323 3574 natum
356 3520 407 3574 est
438 3512 617 3576 comminus
647 3513 755 3575 minus
787 3512 820 3574 in
853 3519 985 3574 textum
1009 3513 1189 3575 aberravit.
1223 3513 1304 3575 Fuit

116 3647 190 3690 cum
220 3639 376 3712 putarem
407 3651 527 3694 vocem
558 3632 623 3707 sed,
648 3652 735 3712 quae
760 3651 847 3692 nunc
872 3638 951 3692 ante
976 3642 1145 3712 tamquam
1170 3629 1302 3712 legitur,

115 3748 247 3811 retineri
280 3769 378 3831 posse
410 3758 444 3812 et
475 3751 522 3812 ita
553 3749 727 3831 transponi
761 3757 798 3810 ut
822 3746 1007 3828 legeretur:
1031 3750 1092 3810 sed
1111 3751 1194 3832 vagi
1215 3751 1302 3814 inter

116 3866 217 3930 undas
248 3887 323 3950 sqq.
355 3866 423 3932 Sed
454 3867 555 3949 longe
587 3875 736 3950 praestat
765 3865 957 3947 asyndeton
990 3868 1080 3948 quod
1108 3868 1198 3931 dedi.
1227 3869 1302 3933 Hoc

116 3993 240 4049 certum
277 3995 328 4049 est
359 4007 470 4050 errare
502 3986 712 4068 Madvigium
744 4004 806 4068 pro
837 3984 906 4047 illic
935 3985 1174 4047 coniicientem
1206 3986 1301 4050 illuc:

116 4104 294 4169 absurdum
318 4107 408 4169 enim
433 4107 567 4170 videtur
587 4106 648 4168 niti
668 4107 702 4168 in
723 4104 810 4167 illud
827 4105 918 4186 quod
939 4116 1103 4168 occurrat.
1125 4103 1201 4166 Hoc
1220 4105 1302 4166 dicit

115 4221 265 4288 Tacitus:
301 4226 426 4305 „sicubi
459 4225 603 4308 pedibus
635 4222 756 4286 stabile
788 4222 916 4303 aliquid
948 4225 1038 4286 nacti
1070 4231 1174 4298 erant,
1208 4221 1301 4285 illurn

115 4338 221 4404 locum
242 4343 397 4406 obtinere
419 4342 635 4417 studebant’',
658 4361 724 4403 non
748 4361 829 4422 ergo
849 4341 927 4404 illuc
942 4345 1001 4404 sed
1015 4343 1083 4404 illic
1096 4342 1301 4404 nitebantur.

158 4459 199 4523 H.
223 4462 266 4536 V,
296 4479 344 4546 17.
370 4461 470 4527 Stant
494 4463 603 4545 parati
622 4461 665 4523 ad
688 4458 867 4542 proelium,
889 4462 981 4540 quod
1003 4461 1066 4522 toti
1088 4459 1177 4523 bello
1198 4459 1302 4523 finem
