3266 5238
915 508 959 572 94

391 670 558 750 „Thrasea
582 670 705 732 Paetus
728 668 863 732 silentio
888 668 941 731 vel
966 667 1061 730 brevi
1086 685 1223 730 assensu
1244 665 1372 747 priores
1392 662 1539 725 adulati-

343 810 425 853 ones
448 790 677 853 transmittere
701 788 820 851 solitus
842 789 980 852 exitium
1000 788 1131 851 senatui
1147 806 1187 849 ac
1207 784 1271 848 sibi
1290 803 1426 847 causam
1446 782 1537 864 peri-

342 908 408 971 culi
433 908 523 982 secit,
549 909 670 970 ceteris
694 907 860 970 libertatis
884 908 1016 969 initium
1042 927 1109 968 non
1134 903 1321 988 praebuit”.

388 1026 444 1091 Sic
467 1029 595 1103 codex;
621 1027 780 1109 recipitur
804 1027 1003 1109 plerumque
1023 1026 1130 1107 Lipsii
1151 1025 1345 1087 coniectura
1364 1023 1447 1086 exiit
1462 1033 1536 1085 tum

343 1159 467 1221 senatu,
504 1166 591 1227 quae
625 1145 779 1229 speciosa
814 1146 953 1227 quidem
989 1154 1050 1220 est,
1086 1164 1149 1206 nec
1184 1152 1299 1206 tamen
1330 1143 1538 1205 sententiam

344 1266 486 1350 praebet
507 1266 550 1331 ab
570 1267 662 1329 omni
682 1274 779 1348 parte
799 1264 1023 1348 probandam.
1045 1261 1136 1344 Quid
1157 1263 1248 1325 enim
1265 1281 1353 1324 nunc
1367 1259 1539 1323 Thraseae

345 1387 429 1449 vitio
450 1387 508 1449 dat
528 1381 687 1448 Tacitus?
708 1382 808 1465 Quod
827 1392 946 1446 senatu
964 1381 1066 1446 exiit?
1084 1383 1207 1445 Nonne
1220 1401 1301 1463 ergo
1315 1381 1381 1442 hoc
1394 1379 1542 1442 decebat

344 1506 454 1568 virum
485 1523 623 1586 gravem
654 1503 711 1584 qui
737 1511 927 1566 ceterorum
951 1503 1089 1565 serviles
1113 1503 1244 1565 animos
1269 1502 1335 1563 iam
1359 1499 1444 1562 ferre
1468 1519 1541 1560 non

346 1623 482 1707 posset?
514 1623 571 1687 An
603 1625 695 1705 quod
728 1644 796 1687 non
829 1624 941 1706 palam
975 1623 1102 1686 Neroni
1131 1623 1253 1686 restitit
1275 1628 1454 1702 totumque
1480 1621 1541 1682 ad-

346 1745 477 1807 monuit
500 1753 656 1806 senatum
676 1751 713 1805 ut
733 1762 836 1824 seque
857 1753 892 1805 et
911 1742 1156 1825 rempublicam
1178 1741 1366 1804 vindicaret
1385 1741 1418 1802 in
1438 1739 1542 1801 liber-

345 1861 473 1928 tatem?
509 1863 587 1925 Non
619 1861 705 1925 solet
737 1882 795 1925 eos
825 1861 963 1925 laudare
996 1853 1135 1924 Tacitus
1166 1861 1223 1942 qui
1254 1868 1378 1943 sponte
1408 1867 1540 1923 certam

347 1984 473 2047 adeunt
506 1983 701 2063 perniciem.
734 1981 921 2056 Praeterea,
954 1989 1027 2044 tum
1061 1983 1198 2044 demum
1230 1981 1419 2044 necessaria
1449 1989 1543 2042 esset

347 2103 455 2186 Lipsii
487 2102 691 2176 coniectura,
723 2102 750 2165 si
781 2100 917 2164 aliunde
945 2109 1126 2184 appareret
1149 2103 1193 2164 ab
1217 2121 1259 2164 eo
1283 2101 1361 2163 inde
1386 2109 1545 2182 tempore

348 2223 535 2285 Thraseam
559 2222 592 2284 in
617 2230 737 2284 senatu
761 2241 935 2302 nunquam
954 2220 1118 2298 adfuisse;
1140 2229 1176 2284 at
1195 2221 1270 2297 loci,
1291 2241 1377 2304 quos
1397 2219 1547 2304 Nipper-

350 2343 446 2406 deius
475 2343 520 2404 ad
545 2341 641 2417 XIII,
664 2359 709 2424 49
733 2341 840 2417 affert,
865 2343 1071 2404 contrarium
1097 2343 1233 2404 docent.
1259 2341 1396 2416 Contra,
1421 2341 1448 2404 si
1474 2341 1548 2402 vul·

348 2470 463 2544 gatam
488 2461 682 2536 retinemus,
707 2461 789 2542 quid
815 2460 955 2524 tandem
978 2460 1097 2524 fecerit
1116 2461 1285 2524 dixeritve
1304 2459 1455 2524 Thrasea
1477 2482 1549 2524 non

349 2580 431 2644 dicit
455 2581 604 2655 Tacitus,
628 2581 688 2643 sed
712 2587 888 2662 tamquam
913 2599 983 2642 rem
1008 2579 1110 2661 vulgo
1135 2588 1252 2642 notam
1272 2580 1393 2644 reticet
1409 2577 1441 2660 ¹).
1463 2579 1552 2641 For-

348 2708 437 2762 tasse
455 2719 575 2762 revera
592 2706 765 2762 senatores
782 2697 983 2761 adhortatus
997 2705 1047 2760 est
1061 2705 1097 2760 ut
1109 2696 1302 2762 libertatem
1316 2707 1551 2780 capesserent,

350 2837 417 2882 non
448 2817 556 2881 solum
584 2817 705 2881 frustra
728 2817 788 2881 sed
813 2818 916 2880 etiam
941 2837 1017 2880 cum
1042 2837 1103 2880 suo
1127 2817 1277 2900 periculo
1300 2825 1336 2880 et
1360 2817 1550 2880 multorum

350 2947 544 3000 senatorum
586 2937 745 3020 pernicie.
785 2934 874 3018 Quid
911 2936 1003 3019 quod
1039 2937 1066 2998 si
1102 2936 1184 2999 nihil
1219 2937 1281 2999 nisi
1314 2937 1399 3001 exiit
1428 2949 1550 3000 senatu

352 3057 511 3132 Thrasea,
532 3059 592 3120 sed
613 3077 689 3120 cum
709 3058 857 3139 quadam
878 3066 1095 3139 contemptus
1116 3064 1151 3118 et
1171 3057 1414 3140 indignationis
1434 3067 1553 3121 osten·

352 3177 492 3250 tatione,
517 3175 573 3238 illa
597 3196 733 3258 quoque
756 3196 809 3239 res
833 3187 911 3240 tecte
934 3177 1046 3239 verbis
1070 3176 1209 3263 traditis
1222 3177 1334 3259 potuit
1353 3177 1554 3258 significari.

353 3295 491 3357 Etenim
511 3304 643 3359 constat
662 3316 681 3358 a
699 3304 792 3358 certo
809 3296 959 3378 quodam
971 3302 1127 3379 tempore
1141 3296 1310 3359 Neronem
1326 3297 1369 3358 de
1382 3297 1555 3360 industria

354 3415 388 3477 in
423 3423 596 3477 senatores
624 3413 733 3476 furere
766 3415 935 3496 coepisse;
969 3435 1081 3476 nonne
1112 3414 1239 3495 aliquid
1272 3416 1364 3497 quod
1396 3416 1556 3480 Thrasea

352 3533 433 3597 secit
456 3535 586 3597 dixitve
611 3534 856 3617 (qualecunque
881 3535 962 3598 illud
983 3535 1067 3616 erat)
1087 3537 1158 3598 eius
1178 3536 1225 3598 rei
1245 3555 1362 3598 ansam
1383 3538 1556 3619 praebere

332 3651 488 3738 potuit?

397 3772 441 3836 A.
464 3773 559 3847 XIV,
579 3775 623 3837 60
647 3772 750 3852 „Mox
768 3772 801 3834 in
821 3771 1042 3856 Campaniam
1063 3773 1159 3856 pulsa
1178 3782 1229 3837 est
1247 3772 1418 3856 (Octavia)
1431 3775 1558 3839 addita

355 3891 490 3955 militari
514 3884 678 3954 custodia.
700 3890 784 3953 Inde
804 3892 912 3953 crebri
932 3900 1071 3972 questus
1091 3912 1153 3954 nec
1173 3893 1297 3955 occulti
1318 3913 1379 3974 per
1398 3893 1557 3976 vulgum,

354 4011 408 4073 cui
436 4010 546 4071 minor
569 4011 744 4092 sapientia,
771 4029 814 4071 ex
839 4009 1073 4072 mediocritate
1097 4009 1253 4073 fortunae
1278 4011 1439 4092 pauciora
1464 4013 1559 4093 peri-

355 4127 431 4191 cula
461 4135 550 4190 sunt.
581 4126 648 4188 His
675 4147 874 4209 quamquam
898 4127 990 4190 Nero
1007 4129 1211 4209 paenitentia
1226 4130 1362 4213 flagitii
1383 4135 1561 4196 revocavit

365 4260 561 4272 —-.-..-.

397 4327 423 4392 1)
442 4327 503 4375 Non
529 4325 650 4374 abhorret
671 4326 722 4376 hoc
748 4328 780 4376 ab
805 4342 854 4376 usu
875 4326 972 4392 Taciti3
992 4327 1043 4375 iam
1063 4327 1090 4376 in
1109 4327 1327 4393 praecedentibus
1345 4344 1426 4378 unum
1444 4335 1472 4378 et
1491 4330 1562 4380 alte-

358 4428 415 4462 rum
433 4410 519 4460 locum
539 4411 650 4460 vidimus
670 4412 715 4460 ubi
735 4411 801 4460 illud
820 4427 868 4460 usu
887 4413 996 4476 veniret,
1013 4420 1039 4462 et
1055 4413 1120 4463 alios
1135 4425 1278 4479 praeterea,
1292 4414 1458 4464 occasionem
1475 4417 1563 4481 nacti,

358 4495 540 4545 iudicabimus.
