3266 5238
667 465 724 513 101

106 624 256 708 legimus:
289 628 501 709 ,promoveri
525 629 569 692 ad
594 637 751 711 quartum
775 649 795 692 a
820 629 984 692 Bedriaco
1009 635 1118 690 castra
1143 625 1291 709 placuit”

105 745 160 806 ie.
182 754 330 827 quatuor
355 767 443 810 nunc
468 747 602 812 milibus
627 768 786 831 passuum
811 749 951 831 propius
975 747 1098 810 absunt
1119 767 1139 810 a
1160 746 1292 811 Vitelli·

106 863 185 940 anis;
208 884 252 927 ex
273 865 336 928 illis
356 865 480 930 deinde
499 867 617 932 castris
636 868 826 950 procedunt
843 869 885 930 ad
904 886 1063 950 pugnam,
1076 866 1136 928 sed
1150 885 1191 928 eo
1205 865 1291 940 loco,

106 983 190 1064 quod
223 983 280 1046 vix
303 1004 571 1049 commemorare
594 1007 691 1070 opus,
716 986 772 1050 ubi
798 986 964 1070 proelium
988 994 1040 1049 est
1063 987 1291 1060 commissum,

106 1100 188 1164 nulla
212 1111 322 1166 castra
345 1113 477 1186 ponunt
485 1131 493 1180 ;
519 1105 741 1188 profligantur
759 1127 779 1169 a
800 1105 1002 1180 Vitellianis,
1023 1106 1081 1186 qui
1101 1125 1160 1168 eos
1181 1124 1292 1187 perse·

107 1230 248 1302 quuntur
279 1224 389 1286 donec
421 1224 484 1306 ipsi
509 1223 542 1286 V
568 1224 659 1288 milia
686 1244 844 1307 passuum
868 1245 889 1286 a
912 1225 1088 1299 Bedriaco,
1112 1224 1175 1286 i.e.
1201 1223 1291 1286 mille

106 1359 217 1420 passus
241 1362 261 1403 a
284 1343 401 1404 castris
430 1341 495 1405 illis
522 1344 643 1425 capitis
671 1361 723 1426 39,
748 1343 881 1407 absunt.
907 1344 1066 1406 Potuitne
1090 1343 1175 1407 ullus
1198 1343 1292 1406 locus

104 1460 211 1541 aptior
231 1461 415 1542 excogitari
437 1461 698 1525 Vitellianorum
714 1463 952 1526 deliberationi
969 1471 1079 1525 utrum
1097 1471 1206 1525 castra
1219 1463 1292 1545 ipsa

104 1588 300 1661 oppugnent
324 1578 453 1646 necne?

143 1698 186 1760 H.
212 1699 256 1774 11,
279 1700 333 1778 46.
358 1700 438 1763 Post
462 1700 627 1783 proelium
650 1702 741 1783 apud
766 1701 967 1764 Bedriacum
991 1700 1114 1765 milites
1133 1701 1291 1764 omnibus

103 1818 208 1882 modis
224 1818 389 1882 consolari
407 1817 581 1883 Othonem
598 1821 747 1895 student,
764 1822 1039 1884 demonstrantes
1050 1840 1086 1883 se
1098 1821 1142 1883 ad
1156 1821 1291 1902 quasvis

102 1956 203 2000 novas
229 1946 365 2020 paratos
388 1959 529 2021 pugnas.

146 2057 240 2136 „Nec
260 2058 464 2140 praetoriani
485 2066 628 2134 tantum,
649 2061 804 2142 proprius
825 2058 972 2126 Othonis
992 2059 1098 2134 miles,
1119 2060 1178 2122 sed
1196 2081 1291 2142 prae-

103 2177 190 2238 missi
215 2198 235 2240 e
260 2177 389 2240 Moesia
413 2179 558 2242 eandem
582 2178 848 2242 obstinationem
871 2180 1088 2243 adventantis
1112 2180 1290 2256 exercitus,

101 2294 250 2378 legiones
274 2297 469 2379 Aquileiam
493 2299 659 2380 ingressas
683 2298 895 2373 nuntiabant,
921 2311 958 2364 ut
980 2321 1070 2362 nemo
1089 2300 1213 2364 dubitet
1232 2319 1290 2382 po·

102 2417 201 2480 tuisse
228 2417 382 2480 renovari
408 2417 533 2481 bellum
558 2438 586 2492 e.
601 2439 633 2501 q.
647 2418 706 2482 s.’'.

143 2537 261 2601 Verba
292 2549 329 2601 ut
358 2559 450 2601 nemo
480 2539 603 2602 dubitet
631 2547 703 2602 tum
728 2541 866 2602 demum
890 2540 1016 2622 aliquid
1041 2539 1290 2622 significabunt,

98 2677 173 2720 cum
206 2657 473 2721 intellexerimus
496 2657 550 2720 hic
574 2678 593 2720 a
618 2658 738 2722 Tacito
762 2658 837 2722 illos
861 2659 996 2722 refutari
1020 2659 1208 2734 historicos
1233 2661 1290 2741 qui

99 2777 288 2841 docuerunt
307 2786 386 2860 post
405 2797 554 2860 pugnam
573 2778 831 2841 Bedriacensem
848 2780 891 2841 de
904 2776 1051 2841 Othonis
1064 2797 1164 2840 causa
1177 2786 1290 2840 actum

98 2895 209 2972 luisse,
241 2916 388 2979 eumque
419 2897 644 2980 desperatione
668 2897 712 2960 ad
737 2905 882 2960 mortem
906 2896 1128 2979 compulsum.
1154 2895 1220 2979 Qui
1244 2897 1290 2960 illi

99 3015 251 3078 historici
275 3015 398 3078 luerint
421 3015 632 3096 ignoramus;
650 3017 763 3098 fuisse
785 3034 888 3078 unum
913 3015 1068 3098 pluresve
1093 3015 1158 3078 hoc
1181 3017 1289 3080 solum

97 3143 244 3198 constat.
280 3135 320 3198 ld
356 3154 421 3216 ego
453 3133 508 3196 hic
537 3142 678 3217 propter
710 3135 959 3197 Mommsenum
992 3154 1126 3210 moneo,
1159 3136 1216 3217 qui
1247 3136 1291 3198 de

96 3254 327 3336 discrepantia
358 3253 574 3318 Plutarchum
604 3253 692 3316 inter
715 3252 949 3336 Tacitumque,
975 3253 1122 3319 Othonis
1146 3263 1291 3318 mortem

97 3382 285 3448 narrantes
310 3374 357 3436 sic
383 3373 451 3436 lere
476 3373 679 3456 disputavit:

150 3491 372 3572 ,Plutarchus
411 3500 524 3555 narrat
559 3491 645 3556 nulli
677 3490 805 3574 proelio
840 3492 985 3555 adfuisse
1021 3490 1195 3556 Othonem
1230 3495 1289 3554 sed

97 3612 227 3676 Brixilli
249 3631 328 3675 eum
348 3612 547 3674 remansisse
568 3611 608 3693 (c.
623 3610 683 3693 V);
704 3611 873 3674 transiisse
893 3631 968 3673 eum
991 3611 1191 3674 Bedriacum
1212 3618 1290 3672 ante

95 3751 249 3815 pugnam
270 3740 308 3794 ut
327 3730 504 3793 consilium
521 3730 663 3794 haberet
680 3729 823 3793 militare
839 3730 879 3810 (c.
894 3728 1003 3811 VIII),
1020 3730 1099 3791 inde
1116 3728 1290 3791 Brixillum

93 3852 237 3914 rediisse
261 3851 304 3932 (e.
329 3848 373 3932 X)
381 3875 388 3925 ς
415 3858 492 3932 post
516 3868 665 3931 pugnam
685 3849 759 3931 ipso
779 3847 920 3910 absente
940 3847 973 3909 in
994 3847 1135 3912 consilio
1157 3847 1291 3928 militari

93 3971 135 4034 de
172 3989 279 4034 causa
310 3967 507 4033 Othoniana
537 3967 728 4034 omittenda
759 3967 932 4029 decretum
965 3965 1102 4030 factum.
1134 3968 1291 4055 Denique

93 4089 284 4162 Othonem,
304 4087 347 4149 de
366 4087 463 4150 clade
481 4088 660 4150 certiorem
679 4085 816 4159 lactum,
834 4087 989 4166 quamvis
1008 4087 1041 4148 in
1058 4085 1125 4149 fide
1142 4095 1291 4168 perstare

93 4209 221 4272 milites
255 4205 398 4281 videret,
428 4206 630 4289 abrumpere
661 4205 766 4268 vitam
798 4224 893 4267 suam
924 4206 1080 4268 statuisse
1108 4218 1145 4271 ut
1170 4205 1294 4268 civibus

86 4337 269 4414 parceret:
287 4323 407 4401 βιώσας
426 4324 508 4389 οὐδὲν
530 4323 751 4396 ἐπιεικέστερον
764 4322 898 4403 Νέρωνος
912 4323 1064 4388 ἀπέθανεν
1078 4323 1292 4405 εὐγενέστερον

91 4453 162 4534 ipse
190 4445 395 4512 Plutarchus
419 4447 476 4511 ait.
