3248 5230
868 439 931 521 278

303 621 437 704 Nempe
462 621 553 684 idem
574 619 721 684 Rubrius
741 617 866 694 Gallus,
887 619 930 681 de
950 638 1019 700 quo
1038 620 1072 680 in
1089 617 1372 701 praecedentibus
1384 635 1496 678 sermo

303 749 364 804 est.
383 739 452 805 Sed
473 740 538 803 hoc
559 740 674 802 durius
693 739 785 822 quod
803 739 1001 802 admouendi
1016 738 1158 801 verbum
1179 737 1233 800 hic
1254 738 1418 819 primum:
1442 737 1495 815 ,in

303 860 502 923 memoriam
534 857 716 921 revocare”
747 857 923 940 significat,
949 857 1072 921 deinde
1100 855 1324 936 ,adhortari”.
1351 857 1496 938 Utrique

304 978 393 1042 malo
425 977 626 1052 medeberis,
658 977 684 1038 si
717 977 883 1038 excidisse
915 995 1040 1058 paucas
1062 975 1212 1038 literulas
1235 983 1374 1050 statues,
1398 975 1496 1038 Taci-

302 1106 445 1180 tumque
469 1117 531 1180 pro
554 1095 792 1161 admonebatur
815 1095 1004 1178 scripsisse:
1029 1095 1205 1158 admonens
1227 1095 1439 1158 hortabatur.

351 1335 394 1400 H.
420 1336 481 1412 111,
507 1351 536 1398 2.
570 1336 609 1398 In
640 1336 791 1398 exercitu
820 1334 986 1398 Flaviano
1009 1342 1088 1397 sunt
1112 1335 1169 1416 qui
1194 1335 1395 1397 morandum
1420 1353 1498 1396 cen·

304 1464 401 1520 seant
425 1463 460 1518 et
484 1453 633 1518 Muciani
654 1454 923 1536 exspectandum
944 1455 1141 1516 exercitum.
1166 1453 1217 1516 At
1236 1453 1409 1516 Antonius
1429 1453 1498 1515 Pri-

306 1595 395 1651 mus,
427 1577 478 1638 vir
509 1576 690 1638 acerrimus
723 1594 905 1656 moraeque
937 1573 1132 1657 impatiens,
1164 1573 1392 1637 festinandum
1423 1592 1498 1635 esse

304 1694 430 1757 clamat
460 1701 494 1756 et
527 1693 627 1756 celeri
656 1693 786 1775 impetu
810 1693 1055 1775 opprimendos
1079 1691 1203 1755 hostes.
1230 1692 1312 1754 Eius
1336 1691 1439 1754 verba
1462 1701 1500 1754 et

305 1812 371 1876 alia
395 1821 430 1875 et
453 1812 537 1875 haec
561 1813 756 1875 traduntur:

354 1931 446 2013 ,Nisi
471 1933 546 2014 quis
570 1933 703 2007 retinet,
729 1931 820 1994 idem
843 1952 960 1995 suasor
982 1940 1169 2014 auctorque
1192 1931 1322 1995 consilii
1346 1932 1437 1996 ero.”

351 2053 472 2135 Inepte
496 2051 549 2113 bis
573 2051 664 2115 idem
685 2051 738 2114 hic
758 2052 825 2114 dici
846 2050 940 2133 (quid
963 2051 1053 2114 enim
1073 2051 1161 2114 inter
1178 2073 1349 2116 suasorem
1368 2059 1404 2114 et
1422 2073 1501 2116 auc·

307 2183 411 2235 torem
432 2171 572 2234 interest
582 2169 604 2253 l)
628 2171 757 2234 dudum
777 2180 829 2234 est
849 2169 1071 2234 intellectum.
1096 2171 1149 2234 En
1173 2171 1295 2235 iterum
1317 2171 1501 2254 Leopoldii

308 2291 374 2354 mei
404 2290 576 2373 ingenium
600 2290 727 2354 elucet!
753 2289 868 2372 Vulgo
891 2291 981 2352 enim
1006 2290 1169 2372 probatur
1193 2291 1308 2354 Iacobi
1332 2292 1501 2354 correctio

311 2429 446 2491 ,suasor
465 2409 651 2491 actorque”.
672 2409 722 2472 At
742 2410 820 2472 vide
840 2418 968 2491 quanto
981 2409 1015 2472 et
1028 2410 1197 2491 elegantia
1210 2410 1243 2472 et
1257 2410 1502 2493 probabilitate

309 2529 396 2593 illius
416 2537 566 2612 praestet
586 2529 795 2591 emendatio:
821 2538 957 2609 ,auctor
977 2529 1173 2610 actorque¹’.
1198 2529 1283 2594 Cum
1304 2530 1502 2613 explicandi

306 2669 407 2712 causa
437 2669 557 2712 suasor
589 2647 705 2711 suisset
735 2649 1013 2731 suprascriptum,
1045 2648 1288 2712 vocabulorum
1318 2659 1388 2713 tam
1411 2651 1505 2714 inter

307 2787 342 2832 se
366 2767 526 2832 similium
550 2768 693 2831 alterum
718 2767 774 2830 illa
797 2769 1021 2831 annotatione
1045 2789 1063 2831 e
1083 2776 1180 2832 textu
1200 2767 1377 2851 expulsum
1398 2779 1450 2833 est
1465 2767 1503 2852 ¹).

354 3005 398 3068 H.
430 3005 492 3081 III,
520 3023 574 3085 41.
606 3005 733 3069 Fabius
757 3004 885 3070 Valens
915 3005 1090 3069 Vitelliani
1122 3009 1290 3070 exercitus
1321 3008 1392 3070 dux
1423 3027 1505 3072 cum

308 3126 424 3209 paucis
448 3123 645 3187 cohortibus
666 3126 699 3188 in
721 3125 892 3188 Etruriam
912 3126 1014 3201 venit,
1034 3125 1092 3189 ubi
1111 3127 1249 3208 cognito
1262 3125 1504 3191 Cremonensis

309 3243 426 3327 proelii
451 3245 544 3306 exitu
568 3243 744 3306 consilium
769 3245 896 3327 arripit,
921 3246 1025 3327 quod,
1048 3245 1076 3308 si
1098 3254 1307 3321 maturasset,
1328 3246 1502 3310 funestum

308 3363 514 3447 reipublicae
538 3383 612 3427 esse
635 3365 810 3446 potuisset,
836 3383 960 3446 nempe
983 3373 1037 3426 ut:

356 3482 517 3565 ,arreptis
542 3482 683 3545 navibus
707 3485 740 3545 in
761 3503 999 3565 quamcunque
1019 3492 1151 3566 partem
1171 3484 1402 3548 Narbonensis
1422 3505 1503 3568 pro-

308 3603 439 3666 vinciae
474 3621 627 3684 egressus
658 3601 783 3666 Gallias
814 3611 849 3665 et
881 3604 1049 3666 exercitus
1080 3611 1115 3666 et
1147 3603 1348 3667 Germaniae
1379 3613 1504 3686 gentes

308 3743 503 3805 novumque
529 3721 655 3784 bellum
679 3720 817 3784 cieret.”

352 3839 464 3922 Quam
489 3841 594 3905 multa
618 3842 672 3905 hic
696 3849 945 3915 enumerantur,
972 3839 1024 3903 vel
1049 3841 1162 3924 potius
1185 3840 1289 3904 balbo
1312 3862 1371 3905 ore
1395 3842 1507 3906 effun-

308 3960 444 4023 duntur.
475 3961 528 4023 De
559 3961 761 4041 quibusnam
785 3961 839 4023 hic
862 3959 1058 4024 exercitibus
1081 3961 1301 4042 cogitandum
1325 3959 1397 4024 est?
1421 3961 1505 4045 Ipse

308 4087 490 4141 contextus
514 4079 612 4141 nobis
632 4078 815 4142 Galliarum
838 4079 951 4142 nescio
971 4099 1057 4161 quos
1076 4080 1244 4142 exercitus
1264 4080 1427 4143 obtrudit.
1454 4079 1505 4144 Et

309 4197 510 4262 Germaniae
526 4197 678 4281 gentibus
698 4199 779 4281 quid
801 4198 855 4262 hic
872 4197 1052 4264 faciamus?
1073 4201 1302 4282 Fingamusne
1315 4200 1504 4266 Valentem

347 4455 373 4521 ι)
392 4452 461 4504 Illud
479 4461 571 4502 auctor
590 4461 710 4520 actorque
728 4455 823 4520 legitur
841 4463 867 4505 et
884 4457 955 4521 apud
975 4457 1115 4524 Nepotem,
1133 4459 1188 4506 Atr.
1208 4468 1233 4519 3.
