3248 5230
870 454 932 518 242

304 611 466 676 facessere
490 613 568 676 hinc
592 614 756 678 iubemus
784 615 863 698 Ipsa
887 635 972 678 voce
996 635 1031 678 se
1057 616 1111 678 hic
1136 615 1346 697 magistellus
1371 618 1503 700 prodit.

352 731 394 794 H.
420 731 462 808 V,
490 751 519 814 3.
544 732 676 796 Claram
700 732 781 795 mihi
807 715 980 796 affundere
1005 733 1116 797 lucem
1140 754 1241 816 posse
1266 735 1386 798 videor
1410 735 1502 812 loco,

307 851 364 932 qui
388 849 551 914 hactenus
574 852 607 914 in
632 852 744 914 densis
767 851 866 914 latuit
888 853 1048 916 tenebris.
1074 852 1127 915 De
1152 853 1250 917 malis
1274 855 1398 936 quibus
1423 876 1506 918 con-

307 968 425 1032 flictati
456 979 534 1033 sunt
565 971 680 1033 Iudaei
705 991 765 1054 per
789 971 923 1034 deserta
947 991 1072 1035 novam
1095 981 1299 1054 quaerentes
1322 974 1443 1038 sedem
1469 985 1505 1038 et

307 1089 374 1153 alia
397 1098 431 1152 et
455 1090 538 1153 haec
563 1097 756 1154 narrantur:

356 1210 468 1290 „Nihil
499 1230 606 1292 aeque
638 1230 739 1292 quam
771 1211 885 1293 inopia
908 1191 1017 1294 aquae
1041 1210 1224 1292 fatigabat;
1251 1213 1386 1294 iamque
1410 1212 1504 1276 haud

309 1329 425 1412 procul
454 1330 558 1393 exitio
578 1331 660 1392 totis
682 1331 811 1413 campis
834 1330 1096 1412 procubuerant,
1120 1351 1199 1394 cum
1221 1352 1307 1414 grex
1329 1333 1505 1396 asinorum

309 1449 490 1530 agrestium
521 1470 540 1511 e
572 1457 670 1532 pastu
702 1450 735 1513 in
766 1468 885 1531 rupem
908 1469 1047 1512 nemore
1071 1469 1217 1532 opacam
1240 1451 1427 1515 concessit:
1453 1471 1506 1515 se·

309 1576 405 1631 cutus
437 1568 574 1650 Moyses
605 1569 800 1631 coniectura
830 1567 963 1631 herbidi
987 1568 1049 1632 soli
1073 1569 1183 1652 largas
1207 1590 1373 1652 aquarum
1397 1591 1504 1634 venas

310 1687 451 1771 aperit.”

355 1807 421 1871 Hic
451 1827 516 1889 ego
541 1827 608 1870 non
633 1807 764 1882 dubito,
788 1808 869 1889 quin
894 1807 983 1870 istud
1007 1807 1192 1871 coniectura
1215 1808 1348 1872 herbidi
1369 1809 1434 1872 soli
1456 1810 1506 1872 in-

310 1927 381 1991 vito
405 1926 525 1990 Tacito
545 1926 579 1989 in
599 1935 733 1989 textum
753 1927 935 2009 irrepserit.
959 1927 1031 1989 Iam
1051 1927 1123 2009 ipse
1144 1947 1256 1990 sermo
1276 1927 1402 1992 fraudis
1423 1927 1506 1992 mihi

310 2047 417 2110 iniicit
440 2047 677 2129 suspicionem.
701 2045 905 2109 Coniectura
928 2045 1061 2109 herbidi
1085 2045 1163 2109 soli:
1189 2048 1264 2128 quis
1285 2067 1435 2130 unquam
1457 2049 1507 2110 sic

312 2165 444 2229 locutus
474 2175 543 2241 est,
574 2185 651 2228 cum
675 2164 740 2228 hoc
764 2163 884 2228 vellet:
909 2165 1093 2227 coniiciens
1116 2163 1298 2228 herbidum
1322 2166 1369 2228 ibi
1393 2166 1506 2230 solum

312 2282 406 2348 esse?
437 2282 505 2347 Sed
537 2283 589 2347 fac
622 2283 788 2348 vocabula
818 2284 883 2347 ista
912 2284 1027 2366 aliquo
1058 2284 1162 2346 modo
1186 2283 1263 2347 ferri
1288 2304 1397 2367 posse,
1422 2306 1506 2348 num

313 2404 512 2468 narrationis
532 2424 620 2467 nunc
640 2411 774 2467 constat
783 2401 898 2466 ratio?
919 2403 1019 2466 Haud
1033 2402 1165 2485 opinor.
1180 2402 1334 2466 Veniunt
1344 2404 1510 2467 animalia
1618 2439 1619 2446 .

312 2525 376 2587 ista
400 2545 418 2587 e
444 2533 557 2607 pastu;
583 2525 609 2586 si
629 2523 741 2588 herbis
759 2531 857 2606 pasta
876 2543 916 2586 ea
937 2523 1076 2605 Moyses
1095 2523 1243 2598 coniicit,
1265 2531 1303 2586 ut
1322 2523 1508 2587 herbidum

312 2644 394 2709 illud
425 2643 533 2707 solum
564 2643 714 2706 inveniat
745 2643 829 2706 unde
859 2643 997 2706 veniant
1028 2643 1058 2706 ei
1090 2652 1141 2706 est
1166 2643 1409 2725 quaerendum,
1434 2664 1508 2706 non

312 2786 374 2846 quo
393 2764 528 2827 abeant.
551 2761 641 2844 Quid
661 2783 741 2844 ergo
760 2763 853 2844 requi
871 2783 911 2826 ea
929 2761 1073 2826 attinet?
1094 2763 1272 2826 Praeterea
1285 2783 1353 2826 non
1365 2764 1509 2827 herbam

313 2883 430 2946 Iudaei
461 2891 628 2965 quaerunt
658 2883 718 2946 sed
749 2902 884 2963 aquam.
916 2881 1051 2944 Dixeris
1079 2881 1256 2946 humidum
1281 2903 1353 2945 esse
1377 2883 1509 2946 debere

312 3002 432 3078 solum,
464 3003 522 3065 ubi
553 3001 659 3065 herba
682 3001 773 3064 nasci
800 3001 915 3084 possit.
941 3000 1148 3084 Respondeo
1171 3001 1253 3064 satis
1276 3021 1358 3077 esse,
1382 3003 1409 3064 si
1434 3022 1509 3064 non

313 3123 392 3186 solis
424 3122 525 3186 radiis
555 3121 663 3184 solum
695 3122 881 3184 exaruerit:
906 3121 941 3183 id
965 3129 1079 3184 autem
1104 3122 1176 3203 ipsa
1200 3121 1359 3184 arborum
1382 3121 1511 3185 umbra

313 3251 484 3325 praestare
509 3249 639 3324 potest:
662 3241 710 3304 sic
735 3241 791 3305 ubi
816 3241 996 3303 herbidum
1020 3241 1128 3303 solum
1149 3248 1210 3314 est,
1231 3261 1299 3304 non
1320 3241 1434 3304 statim
1455 3241 1509 3304 ibi

310 3371 344 3425 et
373 3363 457 3444 fons
492 3369 542 3424 est
567 3361 737 3446 fluviusue
771 3380 791 3423 e
825 3380 894 3443 quo
925 3360 1041 3423 bibere
1073 3359 1227 3422 homines
1259 3359 1399 3442 possint.
1432 3358 1507 3424 Sed

308 3480 430 3544 deletis
453 3480 637 3555 vocabulis,
662 3500 749 3562 quae
774 3499 838 3562 ego
863 3479 988 3554 notavi,
1009 3480 1124 3542 statim
1144 3480 1259 3542 omnia
1279 3478 1363 3541 fiunt
1382 3488 1509 3562 aperta

307 3621 418 3682 neque
449 3600 516 3664 ulla
547 3607 653 3663 restat
684 3598 848 3662 molestia.
880 3598 978 3660 Asini
1014 3597 1060 3660 illi
1078 3598 1174 3681 pasti
1196 3606 1311 3660 erant:
1335 3597 1401 3660 hoc
1425 3618 1506 3680 per-

306 3722 459 3804 spicuum
491 3729 563 3784 erat
593 3740 637 3783 ex
668 3719 742 3801 ipso
773 3718 891 3782 habitu
924 3719 1123 3800 incessuque
1133 3743 1140 3792 ;
1174 3724 1287 3779 utrum
1319 3716 1424 3779 herba
1456 3735 1507 3781 an

306 3840 439 3903 carduis
469 3838 624 3920 foliisque
655 3835 737 3900 nihil
770 3835 954 3911 reserebat;
989 3835 1177 3910 dummodo
1207 3843 1323 3918 pastos
1347 3855 1404 3898 eos
1428 3855 1507 3899 esse

307 3966 487 4033 constaret,
520 3956 711 4020 sitientibus
742 3975 850 4037 aquae
882 3955 1107 4017 inveniendae
1133 3955 1223 4017 viam
1253 3954 1503 4020 monstrabant.

308 4076 397 4141 Satis
428 4085 500 4140 erat
531 4096 590 4138 eos
617 4076 730 4157 sequi,
756 4095 833 4138 nam
858 4094 946 4137 nunc
970 4073 1083 4136 locum
1108 4093 1166 4137 eos
1190 4082 1317 4156 petere,
1343 4074 1400 4137 ubi
1424 4074 1504 4138 fons

308 4206 397 4262 esset
422 4195 621 4276 fluviusque,
646 4214 697 4257 res
720 4195 793 4277 ipsa
817 4194 996 4257 clamabat.

355 4317 398 4379 H.
423 4315 466 4389 V,
497 4327 543 4393 15.
579 4313 722 4375 Romani
755 4313 942 4395 Batavique
971 4312 1047 4375 loco
1071 4312 1235 4374 vadorum
1261 4311 1362 4393 pleno
1387 4293 1505 4377 confli-

309 4444 403 4518 gunt.
427 4432 527 4515 Quod
552 4452 658 4512 genus
683 4453 815 4515 pugnae
836 4433 882 4494 ibi
903 4434 945 4495 sit
966 4439 1122 4494 exortum
1143 4441 1177 4493 et
1197 4451 1299 4511 quam
1320 4432 1501 4496 adversum
