3248 5230
679 448 743 530 269

119 625 201 688 dum
220 625 273 688 his
291 633 349 688 aut
370 625 434 688 illis
456 626 569 689 studia
593 625 737 688 militum
761 625 1000 706 adgregantur,
1026 642 1132 705 prope
1156 623 1190 684 in
1216 642 1313 704 proe-

119 743 199 806 lium
232 764 396 820 exarsere,
428 745 460 807 ni
486 743 614 807 Valens
645 744 938 806 animadversione
971 761 1156 824 paucorum
1188 741 1314 805 oblitos

119 863 185 926 iam
210 863 357 927 Batavos
381 863 513 946 imperii
537 862 802 927 admonuisset.”

163 982 301 1045 Praeter
320 981 466 1045 Batavos
486 991 521 1045 et
540 983 743 1066 legionarios
762 983 796 1045 in
807 979 975 1054 ,Valentis
995 981 1146 1043 exercitu
1159 987 1218 1043 aut
1231 980 1311 1043 nulli

119 1101 254 1166 fuerunt
285 1101 408 1164 milites
437 1111 495 1166 aut
519 1103 704 1165 admodum
730 1103 827 1185 pauci
852 1103 896 1184 (v.
918 1121 945 1163 c.
974 1114 1015 1183 59
1038 1108 1073 1163 et
1097 1100 1162 1182 64).
1194 1098 1311 1181 Atque

119 1221 182 1284 hae
214 1240 302 1284 nunc
334 1221 503 1284 exercitus
534 1230 648 1304 partes
673 1241 781 1303 paene
805 1221 893 1284 inter
916 1240 952 1282 se
977 1239 1095 1282 manus
1119 1227 1312 1281 conserunt.

119 1338 254 1422 Quaero
273 1341 331 1422 qui
353 1341 451 1404 nobis
472 1349 647 1423 praeterea
666 1341 722 1404 hic
742 1340 916 1423 cogitandi
937 1339 1005 1401 sint
1025 1339 1154 1414 milites,
1168 1358 1312 1420 quorum

121 1460 253 1538 ,studia
284 1459 531 1543 aggregantur”
563 1461 761 1524 rixantibus,
798 1458 918 1522 Nullos
951 1459 1098 1534 invenio,
1129 1460 1190 1522 sed
1222 1459 1311 1522 istud

119 1578 262 1643 militum
282 1579 316 1642 in
337 1578 420 1643 alius
440 1580 597 1643 vocabuli
618 1579 731 1643 locum
752 1578 924 1660 irrepsisse
945 1597 1079 1652 censeo,
1097 1585 1179 1660 puta
1191 1578 1311 1641 ciuium

118 1698 172 1761 vel
203 1699 413 1780 municipum,
442 1719 530 1782 quae
559 1699 725 1762 vocabula
749 1706 783 1760 et
807 1698 886 1761 ideo
911 1698 1018 1780 magis
1042 1697 1107 1759 huc
1131 1697 1311 1778 quadrant,

118 1819 279 1900 quoniam
312 1818 435 1881 milites
466 1820 578 1901 potius
610 1827 645 1882 et
669 1819 760 1902 ipsos
784 1818 817 1880 in
842 1818 1009 1881 eiusmodi
1033 1817 1218 1880 certamine
1242 1816 1311 1900 gla-

119 1937 193 2000 dios
224 1937 432 2019 destringere
464 1946 731 2002 consentaneum
762 1946 823 2014 est,
855 1947 891 2000 at
921 1937 1033 2002 studia
1065 1936 1171 2019 magis
1202 1938 1310 2000 otiose

119 2057 325 2120 adstantium
350 2067 383 2121 et
407 2079 541 2141 pugnae
566 2059 696 2121 exitum
719 2057 946 2140 spectantium
971 2065 1060 2118 sunt.

163 2265 207 2329 H.
232 2266 257 2340 I,
283 2266 335 2346 83.
361 2265 595 2328 Praetorianos
620 2286 681 2348 pro
705 2265 809 2348 ipsius
833 2265 940 2328 salute
966 2265 1066 2327 nimis
1089 2262 1251 2327 sollicitos
1275 2273 1309 2327 et

119 2385 190 2449 aliis
213 2385 422 2466 argumentis
447 2384 559 2466 placat
582 2384 676 2449 Otho
700 2393 735 2448 et
758 2384 841 2447 hoc:

166 2506 278 2586 „Imus
301 2506 343 2568 ad
369 2503 495 2568 bellurn
598 2504 655 2567 An
680 2513 714 2568 et
737 2504 804 2567 illic
829 2513 930 2567 nocte
953 2504 1159 2585 intempesta
1179 2503 1310 2585 rapien-

119 2632 172 2687 tur
194 2622 306 2688 arma?
331 2623 429 2688 Unus
452 2624 580 2687 alterve
604 2625 756 2707 perditus
780 2643 819 2687 ac
842 2623 1049 2686 temulentus
1072 2622 1195 2703 (neque
1219 2623 1310 2684 enim

118 2742 229 2824 plures
245 2744 519 2806 consternatione
533 2745 688 2826 proxima
700 2744 862 2806 insanisse
876 2741 1090 2824 crediderim)
1104 2743 1310 2805 centurionis

117 2883 156 2926 ac
179 2862 305 2926 tribuni
330 2863 493 2945 sanguine
518 2882 636 2926 manus
660 2863 800 2937 imbuet,
821 2861 1035 2945 imperatoris
1054 2863 1104 2923 sui
1125 2861 1309 2924 tentorium

118 2983 280 3065 irrumpet
290 2981 324 3044 ?”
343 2979 363 3065 ¹)

161 3103 351 3185 Imperator
381 3122 468 3164 unus
491 3109 551 3176 est,
577 3109 611 3163 et
635 3121 678 3163 ne
702 3099 814 3182 plures
837 3101 977 3181 quidem
1001 3100 1142 3182 cogitari
1168 3108 1308 3182 possunt

118 3221 170 3283 vel
191 3222 225 3284 in
245 3221 396 3284 exercitu
417 3220 470 3282 vel
491 3221 525 3282 in
547 3220 730 3302 republica.
750 3219 910 3283 Absurde
931 3219 1033 3302 igitur
1053 3220 1151 3302 pauci
1170 3221 1307 3301 quidam

118 3341 240 3403 milites
265 3341 297 3402 in
322 3340 535 3422 imperatoris
558 3340 613 3402 sui
635 3339 818 3403 tentorium
843 3339 1028 3420 irrumpere
1053 3337 1234 3420 finguntur.
1258 3339 1308 3401 At

117 3459 206 3523 istud
236 3459 291 3522 sui
321 3467 399 3541 post
423 3458 551 3522 tribuni
574 3478 673 3540 pone,
699 3457 923 3540 pulcherrime
947 3458 1123 3520 enuntiata
1146 3457 1210 3520 erit
1233 3466 1307 3520 tota

118 3578 292 3660 periodos:
322 3577 546 3658 „centurionis
565 3596 605 3639 ac
625 3577 751 3640 tribuni
771 3549 820 3639 sui
841 3577 1003 3658 sanguine
1026 3595 1144 3639 manus
1164 3578 1304 3652 imbuet,

116 3696 328 3781 imperatoris
352 3698 537 3760 tentorium
561 3695 758 3779 irrumpet.”
783 3697 898 3778 Ipsum
921 3695 1002 3760 illud
1026 3697 1119 3778 quod
1143 3697 1305 3760 traditum

116 3827 166 3882 est
196 3818 283 3881 hanc
309 3818 406 3881 nobis
429 3817 728 3900 transpositionem
753 3817 972 3879 commendat
981 3843 989 3892 ;
1014 3816 1048 3878 in
1072 3818 1190 3880 codice
1215 3818 1305 3880 eninr

117 3957 181 4000 non
207 3936 334 4002 tribuni
356 3937 478 4019 legitur
501 3938 560 4000 sed
585 3937 737 4001 tribunis.

117 4101 309 4112 m

153 4197 178 4263 1)
203 4197 234 4246 In
253 4197 344 4248 codice
363 4197 400 4247 sic
419 4197 515 4263 legitur
531 4204 556 4247 et
574 4198 611 4247 sic
631 4196 756 4246 finiuntur
775 4209 878 4244 versus:

647 4318 726 4333 .....
736 4318 744 4348 ,
763 4281 874 4331 tribunis
893 4297 951 4331 san-

432 4371 510 4436 guine
528 4387 620 4420 manus
638 4370 738 4419 imbuet
756 4367 919 4434 imperatoris
938 4369 977 4418 sui

115 4464 142 4505 ut
160 4456 236 4506 facile
255 4457 418 4522 intelligatur
434 4458 480 4523 qui
498 4457 593 4508 facturn
613 4458 646 4506 sit
665 4465 694 4506 ut
712 4457 755 4506 rui
772 4472 787 4506 a
806 4455 867 4505 sede
887 4471 933 4504 sua
952 4456 1089 4506 aberraret.
