3228 5236
642 435 707 500 219

90 597 309 678 praedixisset,
336 597 507 679 vulgoque
531 597 575 660 ab
599 599 787 662 editoribus
807 619 848 662 ea
868 601 1061 662 coniectura
1082 599 1115 660 in
1136 606 1269 660 textum

95 718 249 799 recipitur.
267 717 318 780 At
335 738 401 800 ego
421 718 533 782 bonae
550 721 769 802 sinceraeque
784 720 979 782 Latinitatis
992 739 1063 782 esse
1075 741 1113 782 ea
1127 720 1272 802 imagine

90 837 281 917 gravitatem
313 857 463 901 annonae
487 840 666 922 praedixit
696 861 763 902 non
795 842 915 914 cred0,
947 840 1027 920 quia
1057 860 1095 902 ea
1126 839 1272 921 imagine

94 956 179 1018 nobis
208 956 256 1018 sic
287 958 352 1019 erit
383 959 621 1041 accipiendum
655 968 692 1022 ut
723 960 783 1022 sit:
817 970 960 1042 propter
989 979 1061 1021 eam
1093 959 1270 1041 imaginem

92 1075 168 1138 sive:
188 1098 227 1139 ea
247 1078 395 1160 imagine
414 1091 530 1154 metus,
552 1087 586 1141 et
609 1079 748 1142 omnino
768 1087 879 1141 toturn
900 1079 981 1141 illud
994 1100 1032 1141 ea
1046 1078 1273 1161 -praedixit

92 1193 275 1275 languidum
301 1197 508 1279 minimeque
532 1198 710 1261 Taciteum
736 1199 879 1261 videtur.
907 1197 1015 1260 Multo
1039 1218 1120 1280 ergo
1143 1197 1270 1272 melius,

93 1316 173 1394 quod
216 1317 394 1398 proposuit
437 1317 709 1381 Cornelissenus:
751 1339 851 1399 eaque
889 1319 1034 1401 imagine
1063 1319 1270 1400 gravitatem

95 1453 228 1496 annonae
252 1437 412 1517 pertendi
436 1437 674 1520 praedixisset.
722 1435 790 1500 Sed
823 1436 887 1500 hoc
920 1457 1057 1519 quoque
1090 1437 1270 1499 verbosum

97 1553 192 1628 nimis,
223 1555 365 1637 ipsaque
395 1557 591 1619 coniectura
622 1557 798 1639 aliquanto
830 1557 931 1619 etiarn
965 1556 1146 1618 violentior
1169 1575 1270 1637 quam

97 1671 304 1737 Rhenaniana
324 1674 392 1750 illa,
413 1695 500 1756 quae
520 1683 555 1738 et
576 1677 649 1758 ipsa
668 1676 750 1738 satis
771 1675 893 1737 audax.
923 1674 1093 1755 Equidem
1113 1673 1271 1736 Tacitum

95 1793 251 1874 scripsisse
283 1796 423 1875 opinor:
455 1815 589 1877 eamque
612 1795 790 1878 imaginem
815 1813 962 1856 annonae
984 1793 1131 1865 dixisset,
1157 1791 1271 1854 deleto

90 1914 293 1992 gravitatem,
326 1915 419 1994 quod
451 1923 503 1976 est
536 1913 739 1977 vocabulum
772 1914 900 1988 tritum,
934 1912 990 1974 ubi
1017 1913 1059 1973 de
1082 1919 1182 1974 aucto
1207 1910 1271 1973 fru-

95 2033 187 2094 menti
218 2033 330 2115 pretio
360 2033 472 2114 agitur
503 2032 557 2114 (cs.
590 2033 651 2107 Vl,
690 2051 745 2114 13:
781 2033 966 2114 ,gravitate
998 2050 1152 2093 annonae
1178 2031 1272 2092 iuxta

93 2151 283 2214 seditionem
315 2150 502 2233 ventum”).
550 2152 628 2214 Non
661 2151 769 2215 solum
801 2151 933 2213 viderat
964 2158 1165 2213 nocturnam
1197 2169 1272 2212 eam

94 2270 229 2349 speciem
255 2269 365 2344 Petra,
389 2271 448 2332 sed
474 2270 577 2333 etiam
602 2271 820 2352 evulgaverat
841 2271 912 2352 ipse
934 2269 1024 2350 (nam
1044 2268 1193 2350 alioquin
1215 2269 1272 2350 qui

98 2388 296 2452 innotescere
319 2391 430 2470 potuit
451 2390 660 2453 delatoribus
670 2388 692 2472 i)
714 2409 824 2470 neque
845 2388 1063 2470 evulgaverat
1083 2388 1191 2450 solum
1212 2387 1271 2450 sed

98 2509 188 2570 etiam
211 2507 311 2570 simul
332 2508 380 2570 ita
400 2517 472 2571 erat
493 2509 737 2591 interpretatus
757 2516 794 2571 ut
807 2508 1043 2571 infaustissimi
1063 2507 1185 2570 ominis
1205 2506 1274 2568 vim

95 2623 234 2688 haberet.
273 2627 412 2690 Etenim
436 2627 463 2688 si
488 2627 601 2709 imago
627 2627 682 2690 illa
707 2627 837 2691 Claudii
863 2629 977 2710 spicea
1000 2647 1125 2690 corona
1149 2625 1274 2688 evincti

93 2745 129 2805 ad
151 2766 321 2809 annonam
346 2746 523 2810 reserenda
547 2749 833 2828 est,.gravitatem
854 2749 1099 2828 caritatemque
1118 2765 1274 2809 annonae

93 2881 126 2924 ea
147 2865 325 2948 significari
350 2875 473 2947 sponte
498 2866 660 2947 sequitur,
685 2867 852 2948 siquidem
876 2885 1021 2928 coronae
1044 2866 1159 2946 spicae
1182 2876 1274 2928 retra

92 3002 264 3048 conversae
283 2994 390 3048 erant.
416 2984 452 3049 Si
471 2993 607 3048 narrato
620 2986 753 3048 somnio
766 2985 830 3047 hoc
844 2985 952 3047 solum
965 2985 1114 3048 addidit:
1128 3005 1275 3046 annonae

92 3102 193 3186 image
214 3127 253 3168 ea
276 3117 334 3180 est,
360 3115 395 3168 et
420 3107 597 3189 perspicue
622 3107 703 3168 satis
727 3115 778 3168 est
802 3105 935 3168 locutus
959 3114 994 3167 et
1018 3105 1051 3167 id
1077 3104 1163 3166 dixit
1180 3103 1273 3186 quod

95 3219 244 3286 Claudius
265 3245 334 3287 non
355 3245 455 3306 aegre
477 3226 562 3289 ferre
585 3245 651 3288 non
673 3233 804 3306 posset:
826 3245 904 3287 nam
925 3225 1082 3307 cuiquam
1101 3245 1137 3286 se
1151 3223 1274 3287 civium

95 3341 296 3406 tristissimae
328 3344 375 3406 rei
409 3346 564 3408 nuntium
596 3346 792 3427 apparuisse
824 3364 900 3406 cum
928 3344 1045 3408 dolore
1069 3364 1275 3425 cognoscere

95 3459 244 3536 debebat,
270 3482 348 3524 cum
374 3464 573 3545 praesertim
598 3473 673 3527 tota
697 3484 748 3526 res
772 3465 937 3526 eiusmodi
962 3472 1060 3538 esset,
1082 3470 1118 3525 ut
1139 3463 1235 3526 facile
1256 3484 1277 3526 a

95 3581 240 3663 malignis
258 3583 293 3644 in
307 3583 418 3664 ipsum
431 3590 547 3663 posset
560 3585 712 3646 converti
727 3585 924 3646 instantium
938 3583 1144 3646 miseriarum
1159 3583 1275 3665 culpa!

132 3699 173 3761 A.
198 3701 258 3776 XI,
285 3718 314 3784 7.
341 3699 424 3764 Silio
449 3701 597 3775 consule,
623 3711 659 3764 ut
683 3702 873 3765 delatorum
895 3702 1069 3766 cohiberet
1087 3702 1275 3778 libidinem,

92 3817 129 3878 de
146 3820 340 3882 reducenda
352 3819 426 3901 lege
441 3819 557 3883 Cincia
571 3819 746 3894 referente,
761 3820 905 3896 Suillius,
920 3821 1138 3886 Cossutianus
1151 3823 1275 3905 aliique

91 3935 355 4013 calumniatores
380 3957 526 4020 poenam
551 3938 614 4000 sibi
637 3939 700 4002 hac
720 3939 884 4002 relatione
904 3943 1014 4022 parari
1036 3942 1273 4023 intelligentes,

91 4059 204 4121 acriter
216 4059 399 4122 obsistunt.
414 4057 567 4140 Quorum
587 4061 777 4123 orationem
790 4062 837 4124 sic
851 4060 975 4124 referre
988 4062 1125 4125 Tacitus
1138 4063 1274 4143 incipit:

135 4177 262 4260 ,Quem
294 4178 390 4241 illum
421 4187 518 4241 tanta
548 4179 707 4262 superbia
739 4200 812 4242 esse
844 4189 879 4242 ut
903 4183 1140 4244 aeternitatem
1165 4180 1274 4242 famae

92 4315 147 4378 spe
166 4297 382 4380 praesumat?
404 4298 487 4362 Usui
509 4306 543 4361 et
565 4299 665 4361 rebus
684 4299 870 4362 subsidium
885 4303 1005 4381 parari,
1019 4321 1061 4363 ne
1073 4301 1148 4382 quis
1161 4299 1275 4380 inopia

94 4415 330 4482 advocatorum
356 4418 555 4500 potentibus
579 4418 749 4481 obnoxius
773 4418 848 4481 sit.''
