3266 5238
713 429 756 510 69

182 607 228 671 A.
261 607 321 682 XI,
356 623 407 671 22.
447 607 645 687 „Dolabella
681 609 812 671 censuit
842 608 1074 691 spectaculum
1105 608 1330 690 gladiatorum

134 747 199 809 per
230 746 348 789 omnes
378 746 486 789 annos
518 726 760 790 celebrandum
791 729 935 810 pecunia
966 748 1094 804 eorum,
1127 729 1185 810 qui
1213 748 1332 810 quaes-

133 855 247 908 turam
270 846 548 929 adipiscerentur.
574 845 746 928 (Sequitur
766 846 899 930 longior
918 847 1013 910 locus
1032 848 1075 910 de
1096 847 1332 930 quaestoribus

135 984 324 1046 eorumque
360 984 501 1027 numero
535 965 660 1028 sensim
691 966 815 1048 aucto).
849 965 928 1030 Post
959 967 1035 1049 lege
1067 966 1179 1032 Sullae
1212 967 1332 1048 viginti

135 1084 242 1147 creati
262 1083 454 1166 supplendo
473 1085 616 1158 senatui,
637 1085 689 1146 cui
706 1084 830 1147 iudicia
846 1085 1044 1148 tradiderat.
1063 1085 1108 1148 Et
1124 1105 1331 1168 quamquam
1395 1143 1402 1156 ,

135 1205 270 1286 equites
294 1204 418 1267 iudicia
441 1205 731 1286 reciperavissent,
756 1213 938 1287 quaestura
961 1214 1075 1268 tamen
1099 1225 1143 1268 ex
1167 1206 1332 1287 dignitate

138 1324 399 1387 candidatorum
416 1333 474 1386 aut
491 1323 652 1387 facilitate
668 1323 889 1387 tribuentium
906 1325 1054 1406 gratuito
1070 1325 1331 1401 concedebatur,

138 1443 250 1506 donec
275 1443 443 1505 sententia
468 1441 667 1505 Dolabellae
692 1442 784 1506 velut
809 1441 1104 1506 venumdaretur'’.

185 1562 297 1625 Locus
320 1562 516 1644 impeditior
539 1562 674 1626 videtur
692 1583 795 1645 quam
816 1583 933 1626 revera
954 1571 1015 1626 est.
1037 1563 1208 1627 Memores
1228 1565 1331 1626 modo

134 1682 241 1745 simus
270 1695 332 1746 out
361 1683 452 1765 apud
484 1681 642 1745 Tacitum
676 1702 745 1744 non
776 1701 851 1745 eam
880 1681 1005 1745 habere
1029 1682 1206 1765 emphasin
1230 1703 1332 1764 quam

135 1803 264 1866 habeat
297 1803 388 1885 apud
424 1801 636 1877 Ciceronem,
671 1802 730 1864 sed
766 1799 835 1864 fere
872 1821 962 1864 esse:
1000 1803 1103 1864 modo
1138 1837 1182 1848 --
1218 1804 1332 1877 modo,

135 1941 226 1985 nunc
329 1941 429 1985 nunc.
455 1920 505 1986 Cf.
531 1941 558 1984 e.
587 1922 626 2003 38
652 1920 875 2004 ,(Messalinaj
895 1930 976 1985 tunc
997 1923 1141 2004 primum
1164 1921 1332 1984 fortunam

138 2061 235 2104 suam
263 2042 468 2123 introspexit
492 2040 683 2122 ferrumque
707 2041 851 2123 accepit,
875 2042 968 2122 quod
994 2039 1115 2104 frustra
1138 2042 1251 2124 iugulo
1274 2052 1334 2104 aut

131 2162 264 2245 pectori
292 2161 480 2224 admovens
503 2161 572 2223 ictu
599 2160 725 2223 tribuni
750 2160 978 2242 transigitur”;
1004 2160 1024 2222 i.
1049 2149 1081 2222 e]
1103 2159 1195 2223 modo
1219 2159 1333 2243 iugulo

138 2281 233 2345 modo
255 2282 392 2366 pectori.
417 2279 472 2345 Sic
497 2288 532 2343 et
556 2280 610 2343 hic
633 2281 885 2364 derlinguuntur
909 2289 1002 2343 aetas
1026 2279 1151 2343 liberae
1175 2280 1333 2363 reipubli-

138 2421 200 2464 cae
223 2409 302 2483 post
322 2398 460 2474 Sullam,
481 2408 516 2462 et
534 2408 629 2462 aetas
649 2399 868 2481 imperatoria
887 2408 966 2461 ante
987 2397 1186 2461 Dolabellae
1206 2398 1332 2482 legem:

139 2530 254 2585 stante
292 2520 466 2604 republica
503 2540 547 2583 ex
583 2521 750 2602 dignitate
786 2520 1045 2583 candidatorum
1081 2519 1334 2582 concedebatur

139 2648 332 2723 quaestura,
359 2648 437 2722 post
460 2640 618 2704 amissam
641 2639 837 2702 libertatem
860 2659 904 2701 ex
927 2638 1088 2701 facilitate
1113 2637 1333 2700 tribuentium

138 2762 172 2844 (i.
198 2781 227 2823 e.
252 2759 467 2842 principum).
495 2759 672 2822 Postremo
700 2759 753 2821 hic
777 2778 914 2840 quoque
938 2767 1072 2821 utamur
1095 2757 1333 2821 observatione

140 2887 258 2943 nostra
286 2879 329 2961 (v.
354 2899 387 2961 p.
414 2891 453 2959 52
474 2877 537 2960 sq.)
562 2878 605 2940 de
630 2877 717 2940 binis
740 2878 918 2940 sententiis
941 2898 961 2940 a
984 2876 1105 2940 Tacito
1130 2878 1163 2939 in
1187 2877 1334 2960 singulas

137 3001 311 3074 coartatis,
343 2998 523 3082 apparebit
549 2997 615 3060 loci
643 3006 879 3080 argumentum
904 2997 951 3059 sic
975 2998 1169 3060 decurrere:
1198 3015 1334 3079 „quam-

137 3139 243 3203 quam
275 3119 409 3194 iudicia,
441 3119 603 3199 adempta
634 3116 857 3191 senatoribus,
888 3117 1020 3180 reddita
1047 3125 1124 3180 sunt
1152 3116 1334 3198 equitibus,

136 3259 299 3304 numerus
322 3247 437 3301 tamen
462 3245 680 3320 quaestorum
705 3235 902 3298 imminutus
926 3256 993 3298 non
1018 3246 1079 3312 est,
1100 3257 1180 3318 ergo
1200 3257 1334 3320 semper

136 3359 203 3423 fuit
234 3358 343 3421 honor
373 3358 416 3420 ad
448 3376 548 3439 quem
582 3355 673 3418 haud
705 3355 752 3417 ita
778 3353 958 3418 difficulter
981 3356 1136 3420 homines
1159 3357 1334 3439 pervenie-

136 3479 241 3555 bant;
274 3486 365 3541 certe
392 3476 484 3539 nulla
511 3474 691 3539 constabat
715 3475 858 3556 pecunia
882 3475 941 3537 sed
966 3476 1111 3558 primum
1136 3477 1259 3557 (stante
1284 3496 1334 3538 re·

136 3598 288 3682 publica)
313 3619 357 3660 ex
381 3598 546 3680 dignitate
569 3595 839 3671 candidatorum,
860 3604 938 3678 post
960 3596 1083 3677 (aetate
1104 3596 1333 3677 imperatoria)

135 3739 185 3784 ex
208 3718 370 3781 facilitate
394 3715 615 3781 tribuentium
639 3713 925 3778 concedebatur”.

186 3836 236 3901 Cf.
261 3836 352 3900 Ann.
377 3836 438 3911 IV,
462 3837 516 3915 48.
548 3835 652 3916 ,Mox
679 3834 766 3896 versi
793 3834 826 3895 in
851 3831 966 3894 luxum
992 3839 1026 3894 et
1050 3833 1156 3914 raptis
1179 3831 1333 3914 opulenti

134 3957 298 4021 omittere
322 3955 486 4019 stationes
509 3954 647 4017 lascivia
671 3951 856 4034 epularum,
880 3959 939 4013 aut
962 3970 1083 4014 somno
1103 3960 1138 4015 et
1157 3952 1237 4015 vino
1258 3973 1333 4035 pro·

135 4074 334 4141 cumbere”.
355 4075 455 4138 Errat
475 4075 596 4148 editor,
617 4072 673 4154 qui
696 4071 749 4133 hic
770 4078 847 4152 post
867 4071 1022 4134 stationes
1042 4071 1207 4154 virgulam
1228 4074 1335 4155 ponit,

134 4207 175 4262 et
206 4197 254 4260 sic
286 4217 339 4259 res
370 4215 506 4278 prorsus
537 4193 674 4257 easdem
708 4191 795 4254 inter
826 4210 861 4253 se
886 4191 1042 4274 opponit.
1067 4191 1124 4255 An
1148 4193 1337 4274 quidquam

56 4299 60 4308 ¹
136 4320 283 4382 interest
311 4316 399 4378 inter
422 4315 561 4378 lascivio
584 4312 758 4396 epularum
776 4311 993 4393 procumbere
1016 4321 1050 4374 et
1073 4333 1184 4376 somno
1207 4325 1239 4376 et
1260 4312 1336 4376 vino

129 4435 376 4526 procumbere?
407 4435 458 4497 At
488 4434 515 4496 si
548 4430 723 4514 virgulam,
756 4429 791 4492 id
824 4430 916 4511 quod
949 4439 1040 4493 recte
1073 4433 1176 4494 ceteri
1209 4431 1337 4495 faciunt
