3266 5238
896 405 938 466 68

317 578 417 640 amici
451 578 651 655 suadebant,
688 589 724 643 ut
759 582 889 664 aliquot
925 583 997 645 dies
1031 581 1074 644 ad
1107 580 1320 642 moriendum
1352 587 1512 652 sumeret,

317 696 520 760 beneficium
544 700 734 765 intendisset
755 701 775 764 i.
789 722 818 764 e.
844 701 944 784 plane
968 701 1092 764 abusus
1116 719 1157 762 eo
1182 707 1287 776 esset;
1310 718 1410 773 nunc,
1430 699 1511 760 dum

318 825 463 879 mortem
494 818 557 880 sibi
585 820 765 883 consciscit
789 820 846 884 illo
870 829 1025 904 tempore
1048 819 1301 883 usitatissimam
1327 826 1362 881 et
1385 817 1512 912 brevis·

316 936 448 1012 simam,
473 939 614 1002 remittit
636 938 822 1024 beneficium
846 941 910 1003 i.e.
936 960 1036 1024 parce
1060 949 1094 1002 et
1118 940 1310 1004 verecunde
1334 958 1376 1002 eo
1395 939 1510 1001 utitur.

316 1054 365 1118 Cf.
391 1054 435 1118 A.
461 1057 486 1130 Ι,
512 1059 548 1119 8:
577 1057 820 1138 „Conclamant
843 1069 958 1142 patres
981 1049 1103 1141 corpus
1129 1059 1299 1141 (Augusti)
1323 1058 1366 1121 ad
1392 1077 1511 1139 rogum

317 1177 441 1238 umeris
456 1186 649 1242 senatorum
668 1179 854 1243 ferendum.
871 1181 1012 1244 Remisit
1027 1179 1151 1243 Caesar
1163 1201 1192 1242 e.
1205 1200 1239 1261 q.
1251 1177 1298 1241 s.”
1312 1179 1333 1241 i.
1346 1198 1376 1240 e.
1390 1178 1512 1240 nimios

319 1296 394 1360 illos
417 1296 565 1361 honores
590 1300 721 1362 minuit.

362 1416 439 1498 Ipse
467 1416 522 1480 ille
546 1417 640 1480 locus
664 1418 773 1500 (XVI,
797 1420 840 1501 9),
865 1439 967 1501 quern
993 1420 1097 1482 modo
1120 1417 1442 1490 commemorabam,
1467 1413 1513 1478 ab

315 1536 424 1598 inutili
458 1538 653 1600 coniectura
683 1539 847 1601 vindicari
879 1547 1003 1620 potest,
1036 1539 1063 1600 si
1096 1557 1263 1600 memores
1291 1556 1405 1600 sumus
1430 1535 1512 1617 quid

319 1661 436 1719 rev'era
459 1657 502 1718 sit
525 1657 695 1720 remittere
717 1666 752 1720 et
773 1678 860 1739 quae
881 1666 1039 1720 accurata
1058 1657 1130 1720 eius
1151 1657 1245 1720 verbi
1265 1656 1512 1738 interpretatio.

366 1773 539 1854 „Silanus”
561 1776 620 1857 (ait
639 1775 789 1856 Tacitus)
811 1823 885 1838 ....
909 1776 1113 1859 „municipio
1134 1774 1293 1858 Apuliae,
1312 1775 1366 1837 cui
1387 1793 1513 1836 nomen

325 1893 459 1956 Barium
483 1903 544 1969 est,
568 1894 744 1958 clauditur.
770 1895 841 1958 Illic
861 1933 904 1942 —
924 1917 944 1959 a
967 1897 1165 1958 centurione
1185 1897 1229 1959 ad
1248 1896 1389 1958 caedem
1412 1895 1515 1956 misso

321 2014 501 2096 corripitur
510 2041 518 2090 ;
553 2015 777 2096 suadentique
813 2035 918 2078 venas
951 2015 1153 2098 abrumpere
1189 2016 1339 2078 animum
1374 2014 1514 2096 quidem

322 2134 422 2195 morti
454 2134 661 2197 destinatum
692 2136 748 2209 ait,
780 2136 840 2198 sed
872 2155 939 2198 non
967 2137 1136 2200 remittere
1159 2135 1346 2218 percussori
1372 2133 1515 2215 gloriam

309 2285 311 2290 ·
323 2253 530 2316 ministerii.”

367 2374 405 2436 In
430 2375 548 2437 codice
572 2383 622 2436 est
646 2374 785 2456 quidem
803 2387 1016 2458 peremettere
1030 2374 1062 2456 ¹),
1087 2376 1148 2438 sed
1169 2375 1227 2456 (sic
1248 2383 1340 2437 certe
1362 2375 1515 2437 Ritterus

321 2491 434 2587 refert)
464 2501 654 2556 correctum
687 2495 720 2556 in
748 2495 926 2569 remittere,
951 2495 1137 2557 deteriores
1154 2492 1350 2576 permittere
1374 2492 1513 2568 habent,

319 2633 338 2674 e
355 2613 560 2688 coniectura,
576 2622 614 2676 ut
630 2614 762 2695 opinor,
779 2634 887 2696 eaque
900 2615 1144 2691 vetustissima;
1163 2634 1241 2677 nam
1254 2633 1331 2676 cum
1344 2614 1515 2676 remittere

320 2731 459 2796 Tacitus
474 2733 673 2814 scripsisset,
688 2733 961 2816 suprascripsisse
978 2732 1125 2815 aliquem
1137 2733 1334 2816 permittere
1349 2732 1512 2813 suspicor,

320 2854 410 2915 unde
442 2851 523 2914 illud
549 2853 762 2935 peremittere
792 2861 909 2915 natum
941 2854 994 2916 sit.
1023 2853 1069 2915 Et
1096 2854 1290 2917 etiamnunc
1317 2852 1514 2914 coniectura

317 2970 374 3032 illa
393 2971 581 3034 identidem
602 2971 749 3035 fautores
769 2972 909 3046 invenit,
931 2992 999 3035 non
1021 2979 1218 3054 reputantes
1237 2990 1340 3053 quam
1357 2972 1512 3051 ineptum

318 3089 374 3152 illa
405 3088 555 3153 Silanum
588 3092 719 3154 reddat.
753 3092 808 3155 An
842 3101 998 3176 putemus
1030 3093 1188 3155 iuvenem
1220 3090 1325 3166 illum,
1356 3089 1514 3172 quamvis

316 3209 559 3291 praevalidum,
596 3211 684 3273 serio
719 3211 903 3274 credidisse
937 3212 1101 3274 inermem
1136 3231 1172 3274 se
1206 3218 1356 3272 armatos
1387 3208 1512 3271 milites

316 3348 393 3391 cum
410 3330 607 3392 centurione
624 3332 801 3406 victurum,
819 3340 854 3394 et
867 3331 1116 3414 prohibiturum
1129 3329 1309 3411 quominus
1323 3328 1512 3392 ministerio

315 3467 377 3511 suo
408 3447 647 3531 fungerentur?
680 3450 724 3512 Et
756 3458 793 3512 ut
825 3452 892 3513 iam
920 3449 1081 3514 faciamus
1106 3448 1187 3512 illud
1212 3468 1289 3511 eum
1314 3448 1511 3522 credidisse,

314 3569 396 3648 quid
427 3568 491 3631 sibi
523 3568 596 3631 vult
626 3569 716 3632 istud
740 3567 905 3653 gloriam?
933 3569 1028 3650 „Non
1052 3567 1244 3632 remittam'’
1269 3568 1316 3630 ait
1343 3567 1509 3650 „glormm

315 3688 494 3751 ministerii
525 3689 585 3751 sed
622 3689 796 3752 intendam
832 3689 923 3752 illam
959 3697 993 3752 et
1027 3687 1174 3769 augebo;
1208 3685 1330 3750 faciam
1362 3693 1398 3748 ut
1429 3705 1509 3748 cum

314 3827 416 3888 quam
445 3809 593 3870 maxima
620 3807 727 3890 gloria
755 3809 940 3871 ministerio
965 3815 1078 3869 vestro
1103 3805 1362 3889 perfungamini,
1384 3824 1510 3886 corpus

314 3945 426 3987 meum
461 3935 625 4007 quantum
662 3936 782 4011 potero
817 3927 1000 3990 defendam
1036 3933 1069 3986 et
1101 3925 1148 3986 sic
1180 3922 1377 3986 facultatem
1410 3922 1510 3986 vobis

314 4043 487 4126 praebebo
529 4044 573 4105 ad
617 4045 703 4108 forte
745 4047 917 4110 edendum
960 4043 1106 4107 facinus:
1149 4050 1325 4124 tamquam
1364 4042 1398 4104 in
1433 4042 1509 4105 acie

313 4160 541 4246 pugnabitis”.

351 4423 376 4486 ι)
398 4424 516 4485 Apparet
535 4427 621 4470 tamen
640 4421 740 4486 aliquid
759 4423 795 4473 ibi
815 4425 945 4473 turbatum
964 4437 1030 4472 esse.
