3228 5236
860 434 920 512 184

338 615 425 678 Dial.
459 634 510 698 39.
535 614 627 679 Satis
651 625 776 678 constat
802 612 974 688 Scaurum,
1001 614 1175 690 Milonem,
1201 614 1358 689 Bestiam,
1385 612 1481 676 Vati-

293 735 385 798 nium
410 754 575 797 concursu
599 735 705 797 totius
729 733 875 796 civitatis
900 741 935 796 et
958 745 1126 797 accusatos
1151 742 1185 797 et
1208 734 1369 816 defensos.

339 851 441 916 Hisce
459 854 641 935 praeteriti
662 851 848 915 infinitivus
872 853 1151 915 coniunctivusve
1171 853 1300 934 pendet
1319 873 1339 914 a
1358 863 1485 914 consta·

293 972 349 1036 bat
382 972 437 1034 vel
471 973 623 1048 constitit,
659 972 719 1034 sed
755 991 827 1034 esse
863 973 1014 1035 omnium
1050 992 1126 1036 eam
1161 973 1327 1035 rationem
1359 979 1398 1033 ut
1428 970 1485 1034 illa

292 1099 460 1154 structura
484 1113 568 1174 opus
592 1093 635 1154 sit
659 1112 678 1154 e
702 1111 778 1153 mea
801 1092 843 1154 ad
868 1090 1017 1173 singulos
1040 1092 1263 1154 annotatione
1286 1090 1485 1173 apparebit:

339 1210 382 1273 A.
416 1209 459 1284 ll,
483 1212 536 1293 67.
563 1210 830 1274 Rhoemetalcen
855 1247 898 1256 —-
923 1211 1072 1293 paternis
1095 1210 1243 1273 consiliis
1265 1211 1483 1273 adversatum

293 1329 469 1393 constabat.
493 1329 590 1411 (Cum
615 1330 659 1392 de
683 1350 794 1411 poena
819 1329 1082 1410 Rhescuporidis
1107 1330 1139 1392 in
1163 1337 1283 1392 senatu
1308 1328 1485 1410 agebatur,

294 1447 398 1511 filium
423 1449 494 1510 eius
516 1448 656 1512 facinori
681 1448 852 1511 obstitisse
877 1448 1146 1511 demonstratum
1170 1449 1245 1530 est.)

338 1565 382 1629 A.
409 1567 451 1641 II,
477 1584 530 1650 73.
554 1566 695 1649 Corpus,
719 1575 903 1649 antequam
927 1575 1141 1642 cremaretur,
1167 1567 1331 1630 nudatum
1355 1568 1388 1629 in
1410 1564 1484 1628 foro

294 1684 589 1779 Antiochensium,
614 1685 855 1767 praetuleritne
879 1685 1033 1749 veneficii
1058 1687 1153 1768 signa
1177 1707 1295 1768 parum
1320 1684 1484 1747 constitit.

295 1804 345 1886 (Ii,
369 1805 427 1886 qui
451 1815 520 1868 tum
546 1805 760 1866 immaturam
785 1803 977 1868 Germanici
1001 1812 1147 1866 mortem
1171 1803 1354 1877 deflebant,
1379 1804 1486 1866 deca

295 1944 330 1986 re
356 1919 447 1986 varie
471 1922 677 2005 tradebant.)

340 2042 384 2104 A.
416 2043 477 2118 ΙΙΙ,
511 2060 536 2105 1.
563 2043 683 2124 Neque
707 2043 788 2104 satis
812 2041 988 2116 constabat,
1012 2041 1095 2123 quid
1119 2061 1181 2122 pro
1205 2048 1360 2123 tempore
1377 2043 1487 2124 foret.

295 2162 485 2244 (Homines,
506 2163 563 2244 qui
584 2163 618 2225 in
639 2162 737 2224 litore
759 2161 950 2226 Germanici
970 2160 1218 2244 exspectabant
1238 2161 1406 2242 reliquias
1426 2162 1489 2225 du·

296 2284 452 2346 bitabant
482 2292 593 2346 utrum
622 2282 757 2346 silentio
782 2303 824 2344 an
850 2282 987 2364 planctu
1013 2281 1210 2362 exciperent
1234 2279 1487 2362 Agrippinam.)

340 2402 384 2465 A.
422 2401 500 2478 XIl,
540 2417 588 2484 17.
624 2401 793 2483 (Zorsines
827 2420 888 2464 rex
920 2400 1083 2463 barbarus
1113 2419 1149 2462 se
1183 2399 1345 2462 Romanis
1378 2399 1487 2480 dedit)

297 2541 419 2604 magna
450 2520 557 2603 gloria
581 2521 749 2582 exercitus
774 2519 930 2594 Romani,
955 2539 1057 2600 quem
1082 2519 1294 2581 incruentum
1319 2525 1354 2580 et
1378 2517 1487 2580 victo·

295 2663 367 2706 rem
399 2643 501 2705 tridui
532 2641 652 2704 itinere
679 2641 808 2723 afuisse
831 2640 875 2702 ab
899 2661 998 2702 amne
1023 2640 1130 2702 Tanai
1154 2640 1306 2703 constitit.
1338 2637 1416 2720 (Qui
1440 2638 1488 2700 ob

295 2761 389 2825 illum
423 2781 615 2824 successum
650 2761 838 2823 exercitum
871 2759 1064 2822 Romanurn
1095 2759 1251 2822 laudibus
1282 2757 1489 2832 efferebant,

295 2893 515 2964 cognoverunt
543 2879 637 2943 illum
669 2879 856 2942 exercitum
887 2899 922 2941 eo
953 2889 1106 2959 tempore,
1138 2899 1202 2958 quo
1232 2878 1265 2940 in
1298 2877 1488 2941 seditionem

295 3001 385 3064 venit
406 2999 570 3074 Zorsines,
595 3000 696 3063 tridui
722 3000 841 3062 itinere
865 3018 885 3060 a
909 2997 1016 3060 Tanai
1034 2995 1278 3080 progressum.)

341 3117 384 3180 A.
411 3118 488 3192 XII,
511 3135 566 3197 43.
591 3116 794 3198 Quindecim
816 3117 946 3180 dierum
966 3116 1128 3179 alimenta
1147 3114 1232 3190 urbi,
1253 3134 1321 3177 non
1343 3115 1490 3196 amplius

295 3236 502 3317 superfuisse
519 3237 670 3299 constitit.
693 3235 832 3316 (Sedato
853 3244 945 3298 metu
966 3233 1092 3317 populi,
1107 3234 1164 3315 qui
1177 3235 1313 3296 iamiam
1328 3232 1487 3295 frumenti

296 3355 447 3436 inopiam
467 3353 537 3416 iore
557 3354 763 3430 clamitabat,
785 3375 862 3417 cum
882 3356 1107 3437 inquireretur
1128 3355 1185 3435 qui
1206 3353 1323 3417 suisset
1343 3372 1384 3415 eo
1402 3362 1487 3416 tem·

297 3495 379 3557 pore
393 3495 503 3536 rerum
517 3483 634 3550 status,
647 3476 807 3557 apparuit
819 3474 957 3537 minime
971 3495 1095 3537 vanum
1108 3472 1202 3536 illum
1215 3481 1344 3536 metum
1350 3473 1487 3555 fuisse.)

340 3594 384 3658 A.
416 3594 512 3668 XIII,
549 3595 597 3656 16.
638 3592 850 3675 Agrippinae
881 3594 908 3655 is
939 3613 1046 3674 pavor
1077 3592 1231 3666 emicuit,
1266 3599 1303 3654 ut
1334 3592 1488 3672 ignaram

289 3715 402 3796 fnisse
432 3749 475 3759 -
506 3713 696 3777 constiterit.
729 3711 937 3793 (Britannico
970 3710 1160 3786 interiecto,
1189 3730 1265 3773 cum
1290 3711 1348 3791 qui
1373 3709 1488 3772 adsue·

296 3841 372 3894 rant
402 3834 576 3914 quomodo
605 3831 730 3894 lactum
756 3830 837 3894 illud
861 3839 950 3892 esset
975 3839 1143 3912 rogarent,
1169 3829 1327 3892 omnibus
1345 3840 1489 3910 persua·

295 3971 368 4013 sum
392 3960 464 4014 erat
488 3951 715 4033 Agrippinam
739 3951 891 4032 ignaram
908 3949 1021 4031 fuisse
1043 3948 1201 4028 sceleris.)

341 4068 384 4131 A.
410 4068 505 4142 ΧΙΙΙ,
533 4082 583 4148 35.
608 4065 697 4132 Satis
716 4069 861 4131 constitit
871 4067 985 4150 fuisse
1004 4069 1037 4129 in
1059 4087 1101 4129 eo
1122 4065 1272 4128 exercitu
1294 4073 1486 4140 veteranos

296 4188 354 4270 qui
385 4205 452 4248 non
481 4185 672 4259 stationem,
704 4207 771 4248 non
797 4187 927 4268 vigilias
952 4186 1102 4248 inissent.
1142 4183 1312 4266 (Corbulo
1339 4205 1416 4247 cum
1442 4185 1486 4247 ad

296 4305 483 4368 exercitum
515 4303 672 4379 venisset,
705 4305 922 4386 inquisitione
953 4303 1070 4368 habita
1092 4304 1241 4388 coguovit
1264 4323 1284 4365 a
1308 4304 1485 4366 decessore

296 4442 357 4486 suo
381 4421 495 4484 omnia
516 4432 590 4485 acta
614 4441 746 4485 summa
770 4424 998 4506 negligentia.)
