3266 5238
646 513 650 518 .
690 453 749 519 117

122 616 240 698 Neque
260 624 376 678 tamen
398 614 489 679 nulla
509 624 561 678 est
581 617 807 691 coniecturae,
821 636 923 698 quam
937 615 1077 698 protulit
1090 614 1156 688 ille,
1170 613 1313 676 utilitas:

118 737 307 798 accuratius
342 735 432 798 enim
468 733 579 797 Taciti
615 734 720 799 verba
756 736 968 818 perpendere
1000 736 1092 816 cogit
1122 733 1188 808 illa,
1221 735 1313 815 quod

117 875 194 918 cum
218 853 370 930 iacimus,
396 855 450 917 hic
475 855 612 918 demum
638 854 731 918 locus
755 875 817 918 nos
842 874 911 918 rem
936 855 1108 936 quandam
1133 856 1254 917 edocet
1280 863 1314 917 et

115 983 249 1038 tantum
283 995 350 1038 non
382 983 464 1038 ante
495 974 611 1038 oculos
635 977 743 1058 ponit,
768 996 870 1057 quam
896 975 983 1038 bene
1008 983 1124 1038 tenere
1149 974 1314 1037 debemus

114 1095 249 1176 quoties
270 1095 312 1157 de
332 1095 523 1176 legionibus
545 1095 709 1158 Romanis
728 1095 828 1158 nobis
850 1103 1003 1158 narratur
1022 1094 1160 1176 aliquid.
1175 1095 1311 1157 Etenim

115 1217 252 1278 territus
283 1214 450 1278 Lentulus
480 1224 590 1279 castra
623 1216 764 1280 hiberna
788 1237 855 1279 non
874 1217 960 1299 petit
982 1216 1042 1278 sed
1068 1216 1194 1298 repetit.
1220 1215 1312 1297 Ergo

115 1356 161 1398 ex
184 1335 335 1398 hibernis
358 1344 500 1398 venerat
522 1344 557 1398 et
582 1355 659 1398 cum
683 1336 831 1398 maxime
855 1337 889 1398 in
908 1335 1044 1399 aestiuis
1063 1335 1153 1418 (nam
1176 1334 1311 1396 missam

116 1457 184 1517 iarn
210 1453 350 1518 facimus
374 1453 501 1518 Sirkeri
525 1455 768 1536 coniecturam)
793 1455 823 1517 ei
849 1455 991 1517 exitium
1016 1455 1197 1529 minantur,
1217 1475 1312 1518 saxa·

116 1595 184 1656 que
209 1575 244 1636 in
268 1594 345 1637 eum
376 1575 503 1637 iaciunt
528 1573 661 1636 milites.
687 1573 855 1656 Refugere
881 1594 969 1637 nunc
993 1593 1035 1636 eo
1058 1574 1147 1636 unde
1172 1582 1312 1636 venerat

114 1695 394 1757 conatur....in
419 1694 572 1758 hiberna.
600 1695 702 1757 Hisce
727 1695 884 1758 omnibus
904 1694 992 1757 bene
1012 1692 1193 1756 intellectis
1212 1693 1311 1756 simul

112 1814 214 1877 nobis
246 1834 348 1896 quam
381 1815 529 1878 maxime
560 1815 599 1877 fit
628 1816 842 1897 perspicuum
867 1815 955 1877 inter
977 1823 1087 1877 castra
1111 1812 1252 1876 hiberna
1277 1823 1310 1876 et

110 1943 225 1997 castra
255 1935 385 1997 aestiva
408 1953 496 2016 quae
521 1934 709 1996 intercedat
733 1935 830 1997 ratio.
856 1934 896 1997 ln
920 1933 1095 2016 provincia
1119 1953 1185 1996 non
1211 1935 1310 1997 nimis

110 2053 215 2136 longe
238 2075 259 2116 a
283 2053 406 2117 finibus
437 2052 585 2117 hostium
617 2053 769 2136 legiones
800 2055 891 2116 urbis
920 2055 1026 2117 instar
1049 2053 1176 2117 habent
1201 2063 1311 2117 castra

111 2175 271 2238 hiberna:
297 2176 344 2238 ibi
368 2195 486 2238 eorum
511 2185 561 2238 est
581 2175 801 2251 domicilium,
822 2177 983 2258 quamdiu
1006 2174 1131 2239 bellum
1154 2196 1220 2239 non
1242 2185 1309 2252 est;

110 2317 131 2358 a
157 2295 320 2357 ministris
352 2293 552 2358 militaribus
583 2316 624 2359 ea
655 2295 735 2358 urbs
765 2316 899 2378 semper
930 2295 1088 2359 incolitur
1111 2305 1147 2359 et
1169 2297 1214 2359 ab
1238 2296 1311 2359 aliis

111 2414 319 2489 hominibus,
352 2434 496 2497 quorum
528 2434 632 2497 opera
664 2415 806 2478 efficitur
838 2425 873 2478 ut
905 2417 963 2497 qui
991 2437 1032 2479 eo
1056 2417 1195 2480 advenit
1219 2437 1310 2480 com·

113 2535 219 2598 mode
244 2535 276 2598 in
301 2534 357 2597 illa
381 2535 463 2598 urbe
488 2536 611 2616 degere
635 2536 797 2617 quamdiu
821 2535 904 2599 libet
930 2538 1047 2619 possit.
1073 2536 1125 2600 Eo
1150 2558 1230 2619 ergo
1252 2559 1309 2600 no·

111 2655 201 2717 biles
224 2654 388 2728 homines
413 2654 470 2736 qui
495 2675 538 2717 ex
563 2654 646 2717 urbe
670 2655 713 2716 ad
738 2656 925 2718 exercitum
950 2657 1139 2731 mittuntur,
1165 2665 1201 2719 ut
1226 2656 1308 2719 mili-

110 2783 185 2837 tum
220 2774 350 2837 animos
379 2783 587 2857 cognoscant
611 2775 728 2838 aliisve
752 2776 795 2838 de
820 2776 938 2851 causis,
962 2797 998 2839 se
1022 2786 1236 2852 convertunt,
1261 2777 1307 2840 ibi

110 2895 345 2956 deversentur.
370 2894 419 2957 At
444 2914 521 2958 cum
546 2894 669 2959 milites
693 2895 736 2957 ad
761 2896 1017 2977 expeditionem
1040 2896 1306 2978 proficiscuntur,

110 3033 221 3097 prope
253 3013 397 3089 hostem,
430 3015 534 3076 modo
566 3015 619 3077 hic
649 3015 752 3079 modo
776 3014 853 3090 illic,
878 3024 988 3078 castra
1012 3025 1144 3098 ponunt
1168 3017 1305 3092 aestiva,

109 3153 202 3217 quae
237 3135 534 3217 appropinquante
572 3135 682 3197 hieme
718 3133 898 3211 tolluntur3
941 3134 1044 3218 legati
1081 3157 1161 3219 ergo
1197 3137 1307 3200 Roma

111 3253 217 3328 missi,
249 3273 326 3316 curn
357 3254 615 3336 expeditionum
647 3263 803 3336 tempore
835 3256 950 3319 videre
975 3265 1009 3318 et
1034 3255 1160 3339 alloqui
1184 3257 1307 3319 milites

110 3372 242 3449 volunt,
268 3394 310 3435 ex
334 3372 494 3449 hibernis,
518 3374 575 3437 ubi
599 3375 832 3450 deversantur,
856 3396 891 3438 se
913 3375 1091 3439 conferunt
1112 3378 1144 3440 in
1166 3377 1304 3450 aestiva,

108 3494 171 3556 sed
209 3493 320 3556 officio
354 3514 415 3556 suo
450 3493 554 3556 suncti
585 3495 701 3556 statim
733 3515 829 3557 suum
861 3495 935 3571 sibi,
968 3496 1059 3577 quod
1092 3497 1125 3557 in
1157 3495 1305 3557 hibernis

110 3612 252 3687 habent,
283 3613 508 3698 deversorium
538 3624 706 3696 repetunt:
735 3614 825 3677 idem
851 3616 950 3677 miser
973 3613 1029 3676 ille
1055 3615 1114 3677 Cn.
1140 3614 1305 3677 Lentulus

108 3732 222 3795 lacere
245 3741 399 3814 conatur,
424 3731 490 3795 heu
514 3737 606 3795 sero!

156 3851 236 3916 Non
262 3860 331 3914 tam
355 3852 453 3915 facile
478 3873 531 3915 me
556 3853 704 3936 expedio
729 3872 772 3913 ex
796 3850 1004 3926 difficultate,
1030 3873 1131 3934 quam
1152 3853 1303 3917 eiusdem

107 3971 187 4036 libri
211 3992 240 4034 c.
266 3971 306 4053 38
332 3971 486 4056 praebet,
509 3981 568 4035 aut
592 3973 619 4034 si
645 3992 699 4034 me
724 3971 802 4033 inde
824 3971 981 4052 expedio,
1003 3971 1158 4035 Tacitum
1179 3974 1304 4055 gravis·

107 4094 197 4154 simo
229 4091 369 4154 crimine
394 4091 549 4154 involvo:
579 4089 813 4154 incredibilem
839 4091 930 4153 enim
953 4092 997 4154 ab
1021 4112 1063 4155 eo
1087 4094 1302 4155 commissum

107 4231 259 4275 errorem
293 4231 409 4294 argu0,
445 4232 513 4293 quo
550 4213 632 4274 situs
667 4219 701 4273 et
734 4210 850 4292 populi
883 4211 1085 4276 Germaniae
1117 4214 1237 4276 mirum
1269 4213 1301 4274 in

109 4332 250 4394 modum
277 4331 527 4412 perturbentur.
553 4331 591 4394 ln
619 4330 762 4396 Chaucis
785 4331 948 4394 vexillarii
974 4332 1178 4395 discordium
1200 4332 1302 4413 legio·

109 4471 190 4513 num
224 4449 429 4531 praesidium
462 4451 610 4532 agitant;
643 4469 729 4531 quos
761 4450 808 4533 (et
840 4452 939 4534 ipsos
966 4459 1001 4512 ut
1025 4452 1155 4532 opinor,
1181 4451 1303 4515 tumul-
