3228 5236
656 401 716 484 167

533 513 556 544 ur

88 579 275 661 significare
310 599 412 662 quam
448 578 553 642 hocce
584 581 878 644 absurdissimum:
915 579 1057 660 „milites
1088 577 1280 642 Germanici

88 719 223 762 manum
254 697 508 781 prehenderunt
539 706 642 780 atque
674 700 750 764 huic
782 701 993 763 inseruerunt
1024 720 1100 763 suos
1123 695 1280 780 digitos.”

88 818 174 901 Quid
200 829 315 882 tamen
339 819 510 902 scripserit
534 819 674 884 Tacitus
698 840 765 884 non
790 821 901 884 vide0.

128 937 153 1012 I,
175 939 229 1000 61.
251 937 480 1012 Germanicus
503 958 580 1001 cum
602 959 709 1022 prope
728 938 773 1002 ab
793 959 835 1002 eo
856 938 933 1002 loco
952 938 1097 1030 abesset,
1119 937 1175 999 ubi
1197 936 1280 999 Vari

87 1057 235 1140 legiones
255 1056 386 1119 fuerant
406 1055 606 1139 profligatae
619 1067 653 1120 et
667 1057 828 1139 reliquiae
841 1077 956 1120 earum
970 1055 1158 1139 insepultae
1171 1057 1280 1118 iacere

88 1175 294 1250 dicebantur,
320 1174 482 1240 militibus
505 1178 651 1258 ducique
675 1176 806 1240 solvere
829 1179 916 1240 iusta
939 1175 1117 1259 cupiebat:

135 1295 342 1374 ,Praemisso
366 1295 522 1371 Caecina,
544 1303 580 1358 ut
600 1296 734 1359 occulta
754 1295 899 1358 saltuum
919 1303 1124 1358 scrutaretur
1143 1301 1279 1376 pontes·

90 1433 153 1494 que
173 1421 209 1476 et
228 1433 369 1496 aggeres
389 1415 505 1477 umido
525 1414 688 1496 paludum
703 1421 738 1477 et
751 1414 924 1478 fallacibus
937 1415 1066 1497 campis
1079 1415 1278 1496 imponeret,

90 1534 250 1596 incedunt
274 1541 421 1596 maestos
444 1533 538 1596 locos
562 1535 702 1614 visuque
726 1554 766 1596 ac
791 1533 953 1596 memoria
977 1532 1147 1595 deformis.
1169 1533 1280 1595 Prima

91 1652 169 1715 Vari
190 1659 301 1715 castra
319 1651 390 1716 lato
410 1652 540 1716 ambitu
561 1661 596 1716 et
616 1653 777 1716 dimensis
796 1652 969 1734 principiis
990 1653 1090 1715 trium
1108 1652 1280 1734 legionum

90 1791 207 1835 manus
231 1772 484 1836 ostentabant.”

129 1891 163 1953 A
190 1890 298 1955 tribus
322 1893 462 1974 integris
484 1890 675 1974 legionibus
699 1911 739 1954 ea
764 1900 873 1954 castra
896 1899 1023 1955 structa
1047 1911 1120 1954 esse
1146 1891 1277 1964 milites,

89 2030 164 2074 cum
199 2019 427 2086 accesserant,
462 2011 578 2073 statim
613 2009 837 2092 intellegebant
871 2010 984 2092 (paulo
1019 2018 1097 2093 post
1128 2011 1279 2091 sequitur

89 2130 169 2194 illud
201 2131 352 2206 verbum,
384 2133 426 2194 de
451 2151 519 2212 quo
543 2130 585 2193 cs.
611 2152 643 2213 p.
673 2131 733 2213 17),
758 2138 873 2193 tantus
897 2139 968 2193 erat
992 2151 1109 2194 eorum
1132 2129 1280 2194 ambitus

90 2259 123 2312 et
155 2259 268 2313 tantae
299 2271 419 2313 omnes
450 2270 565 2313 eorum
592 2258 715 2332 partes.
750 2247 819 2314 Sed
842 2249 1026 2313 absurdum
1051 2259 1102 2312 est
1126 2251 1168 2312 ad
1195 2251 1279 2312 eius-

92 2370 181 2432 modi
202 2389 263 2444 res,
286 2370 329 2432 de
348 2369 471 2451 quibus
490 2369 552 2432 soli
572 2369 661 2432 oculi
680 2369 794 2432 idonei
816 2377 894 2432 sunt
915 2377 1028 2444 testea,
1043 2369 1279 2452 intelligendas

91 2506 241 2568 promere
274 2490 420 2570 perticas
451 2498 485 2551 et
518 2488 739 2551 metatoribus
764 2487 925 2550 exhibere
951 2489 1096 2570 negotia.
1133 2488 1279 2551 Accedit

92 2607 179 2687 quod
210 2607 279 2671 lato
308 2607 433 2671 ambitu
457 2619 489 2671 et
510 2607 664 2671 dimensis
680 2607 861 2690 principiis
884 2608 1069 2671 admodum
1094 2607 1278 2688 incongrue

92 2726 214 2788 dictum
246 2734 309 2789 est.
346 2725 476 2789 Locum
508 2725 599 2788 haud
623 2725 726 2789 dubie
751 2734 947 2808 corruptum
971 2725 1141 2788 lenissima
1165 2745 1279 2788 emen·

93 2845 224 2909 datione
256 2846 290 2908 in
322 2845 490 2926 integrum
524 2846 699 2908 restituere
731 2855 839 2928 potes.
873 2846 1073 2928 Legendum
1106 2847 1195 2908 enim
1228 2854 1279 2908 est

92 2963 252 3028 immensis
275 2965 465 3047 principiis.
498 2964 551 3026 De
582 2964 742 3027 adiectivi
771 2965 947 3028 immensus
978 2984 1039 3026 usu
1069 2964 1213 3027 Taciteo
1236 2963 1278 3026 cs.

92 3103 173 3164 quae
196 3084 324 3166 scripta
346 3091 424 3146 sunt
447 3103 524 3165 pag.
556 3097 590 3163 ις
597 3097 626 3163 5.

133 3203 158 3278 1,
180 3218 233 3285 74.
268 3203 308 3265 In
341 3202 503 3266 Granium
538 3201 735 3265 Marcellum
767 3223 870 3266 unum
903 3204 1068 3268 eiusmodi
1093 3206 1220 3268 crimen
1244 3207 1278 3269 in

91 3329 203 3384 senatu
235 3321 404 3404 profertur
435 3328 471 3385 ut
503 3321 570 3384 irae
594 3341 674 3383 suae
699 3321 865 3404 imperare
890 3343 957 3387 non
983 3326 1088 3407 possit
1112 3324 1277 3388 Tiberius.

93 3437 155 3502 Sed
178 3440 294 3524 lepida
317 3439 378 3504 Cn.
403 3440 533 3503 Pisonis
557 3441 821 3522 interrogatione
845 3442 1055 3506 confutatur:

138 3569 351 3642 ,quantoque
384 3560 550 3623 incautius
581 3558 769 3635 efferverat,
802 3562 1012 3644 paenitentia
1043 3563 1175 3644 patiens
1201 3562 1278 3625 tulit

93 3677 215 3742 absolvi
239 3699 335 3742 reum
359 3678 555 3742 criminibus
579 3679 797 3743 maiestatis.”

135 3798 184 3861 De
203 3809 377 3862 structura
398 3819 465 3861 non
486 3799 634 3881 ambigo,
656 3818 862 3880 quamquam
884 3798 993 3862 nullus
1009 3821 1027 3862 e
1044 3799 1166 3862 Tacito
1182 3800 1277 3864 affer·

93 3923 143 3978 tur
169 3917 263 3981 locus
296 3916 353 3980 ubi
376 3939 411 3980 eo
436 3919 528 3980 modo
551 3939 612 3998 quo
636 3917 689 3980 liic
712 3917 877 3999 positivus
901 3917 1021 3999 aliquis
1044 3921 1278 4000 comparativo

93 4037 280 4117 opponitur.
314 4034 381 4100 Sed
415 4038 523 4118 ipsum
547 4035 629 4098 illud
646 4036 851 4121 paenitentia
869 4036 1000 4120 patiens
1023 4059 1121 4101 sensu
1146 4059 1277 4103 cassum

94 4173 159 4217 esse
191 4155 273 4218 mihi
304 4175 366 4238 pro
397 4163 492 4218 certo
522 4162 666 4217 constat.
699 4153 820 4236 Neque
852 4156 899 4219 ita
926 4157 1097 4239 scripsisse
1120 4157 1277 4221 Tacitum

93 4272 159 4354 ipse
189 4275 300 4338 codex
328 4275 506 4357 perspicue
537 4274 757 4336 demonstrat.
783 4275 822 4337 In
847 4276 992 4339 Medicei
1017 4279 1107 4340 enim
1132 4279 1277 4360 imagine

94 4391 323 4477 phototypica,
355 4413 457 4476 quam
489 4392 623 4476 egregie
654 4392 900 4457 conficiendam
928 4397 1057 4458 curavit
1082 4396 1276 4480 Sythoffius,
