3248 5230
875 418 938 480 282

313 595 498 660 cohortes”:
533 595 686 659 literulae
719 615 739 659 a
775 595 873 658 nobis
906 594 1084 677 suppletae
1121 593 1218 658 facile
1252 595 1410 658 excidere
1444 615 1505 678 po-

314 724 461 779 tuerunt.

359 836 402 900 H.
429 836 489 912 111,
513 837 566 900 66.
595 835 772 917 ,Vitellius
796 834 888 918 ipse”
914 836 961 898 sic
985 834 1054 897 sere
1078 833 1217 896 Tacitus
1240 833 1390 916 loquitur
1417 835 1508 916 ,sine

315 955 383 1018 ullo
414 955 599 1018 certamine
630 955 842 1038 Vespasiano
873 955 990 1017 cessit:
1022 973 1043 1016 o
1076 953 1206 1016 utinam
1239 955 1360 1017 eadem
1390 954 1509 1018 fuisset

314 1075 466 1138 omnium
487 1073 747 1138 Vitellianorum
768 1093 874 1148 mens,
895 1081 1023 1154 quanta
1043 1071 1218 1136 hominurn
1239 1081 1368 1155 strages
1380 1073 1510 1137 evitata

316 1194 449 1257 luisset!
481 1194 531 1257 At
558 1214 626 1257 non
651 1214 692 1257 ea
715 1193 777 1257 fuit
801 1192 918 1276 populi
943 1191 1088 1256 Romani
1113 1190 1287 1255 felicitas.”
1312 1191 1509 1275 Sequuntur

314 1313 398 1379 haec
422 1312 526 1396 ipsius
549 1313 671 1376 verba:

361 1432 539 1514 ,Ceterum
564 1441 601 1496 ut
624 1433 767 1514 quisque
791 1430 932 1496 Vitellio
957 1431 1055 1507 fidus,
1075 1433 1123 1494 ita
1143 1451 1264 1514 pacem
1284 1439 1320 1494 et
1339 1431 1507 1495 conditio-

313 1571 373 1614 nes
403 1552 610 1628 abnuebant,
643 1552 824 1616 discrimen
855 1571 895 1622 ac
927 1551 1076 1615 dedecus
1107 1559 1319 1615 ostentantes
1342 1560 1378 1615 et
1401 1551 1506 1614 fidem

312 1673 346 1734 in
377 1670 518 1734 libidine
549 1671 697 1734 victoris.
732 1671 805 1734 Nec
835 1680 967 1734 tantam
999 1671 1213 1755 Vespasiano
1240 1672 1444 1755 superbiam,
1468 1681 1509 1736 ut

311 1791 482 1874 privatum
507 1789 684 1854 Vitellium
709 1798 899 1873 pateretur:
924 1811 967 1853 ne
992 1791 1103 1855 victos
1126 1791 1266 1874 quidem
1290 1791 1433 1868 laturos;
1459 1793 1511 1854 ita

313 1910 498 1995 periculum
523 1932 567 1973 ex
591 1909 853 1974 misericordia.”

358 2030 591 2094 Misericordia
622 2029 676 2092 hic
708 2029 816 2112 qualis
847 2031 890 2092 sit
921 2029 1144 2112 intelligenda
1173 2039 1318 2114 apparet
1349 2051 1420 2095 ec.
1447 2032 1511 2112 58:

315 2149 487 2232 „plerique
521 2149 610 2213 haud
648 2149 792 2232 proinde
828 2149 1005 2212 Vitellium
1040 2169 1143 2232 quam
1179 2167 1294 2214 casum
1325 2150 1510 2234 locumque

312 2270 522 2352 principatus
541 2269 820 2333 miserabantur.”
840 2269 1069 2352 Cogitandum
1089 2289 1170 2353 ergo
1183 2279 1234 2334 est
1247 2272 1290 2333 de
1310 2271 1510 2348 Vitellianis,

312 2409 398 2472 quos
428 2391 559 2472 imperii
585 2389 760 2453 Vitelliani
791 2390 915 2454 deiecti
948 2391 1116 2465 misereat,
1140 2392 1266 2474 quique
1290 2411 1370 2473 ergo
1394 2392 1509 2456 iacere

312 2507 393 2572 illud
415 2529 482 2572 non
505 2511 572 2572 sint
592 2511 721 2592 passuri
740 2511 801 2572 sed
822 2511 950 2592 erigere
970 2511 1124 2572 conaturi
1145 2511 1223 2591 (,ne
1242 2511 1352 2574 victos
1364 2511 1508 2593 quidem

311 2629 483 2712 laturos’').
518 2629 645 2692 Nostro
675 2638 789 2692 autern
821 2629 897 2692 loco
929 2629 1008 2692 inde
1041 2649 1170 2692 avoce
1194 2631 1242 2693 ita
1266 2639 1511 2712 exspectamus

312 2749 543 2813 conclusionem
579 2751 750 2831 quandam
786 2769 903 2812 eorum
934 2768 1022 2831 quae
1055 2749 1282 2831 praecedunt:
1318 2769 1359 2812 ea
1389 2759 1509 2814 autem

311 2869 474 2952 bipartito
504 2877 584 2932 sunt
612 2868 738 2932 divisa:
762 2869 873 2950 agitur
896 2867 986 2930 enim
1010 2875 1045 2930 et
1069 2869 1113 2930 de
1137 2867 1351 2950 Vespasiano
1375 2869 1510 2933 victore

312 2997 347 3052 et
378 2990 421 3051 de
445 2989 554 3052 victis.
580 2988 629 3051 At
651 2989 804 3070 sequitur
825 2987 952 3070 aliquid
977 2989 1080 3070 quod,
1106 2997 1144 3050 ut
1167 2989 1322 3062 vidimus
1348 2989 1390 3052 ad
1414 2989 1511 3053 solos

321 3107 511 3172 Vitellianos
534 3109 719 3191 pertineat:
746 3108 932 3191 periculum
956 3128 1001 3171 ex
1025 3108 1271 3172 misericordia:
1297 3109 1511 3192 principatus

313 3226 453 3309 collapsi
478 3227 708 3290 misericordia
732 3226 935 3290 Vitellianos
959 3247 1001 3289 eo
1024 3228 1173 3291 adducet
1196 3235 1234 3290 ut
1258 3229 1371 3290 denuo
1396 3227 1511 3292 Vitel-

311 3346 392 3410 lium
424 3348 467 3409 ad
500 3347 688 3429 principem
719 3346 832 3410 locum
863 3347 1024 3410 reducere
1054 3355 1229 3421 conentur,
1253 3355 1357 3428 atque
1380 3348 1427 3410 sic
1449 3347 1511 3412 ille

312 3469 434 3530 itemm
466 3467 557 3530 vitae
588 3466 697 3529 adibit
729 3465 925 3548 periculum.
958 3465 1135 3529 Excidisse
1159 3485 1250 3547 ergo,
1276 3466 1413 3528 namin
1439 3467 1510 3530 isto

315 3589 382 3669 „ita
406 3586 591 3669 periculum
616 3607 660 3649 ex
684 3584 935 3648 misericordia”
960 3585 1171 3648 desideratur
1193 3584 1322 3666 aliquid
1346 3585 1439 3666 quod
1460 3588 1509 3650 ad

311 3708 492 3772 Flavianos
512 3707 690 3790 pertineat,
711 3705 880 3786 quaedam
900 3723 1033 3778 censeo,
1055 3711 1090 3766 et
1109 3703 1264 3767 lacunam
1283 3705 1331 3766 sic
1343 3704 1507 3786 suppleo:

314 3827 381 3906 ,ita
412 3826 597 3908 periculum
629 3825 664 3889 et
694 3844 714 3887 e
746 3833 839 3887 metu
870 3823 905 3886 et
936 3822 1248 3886 emisericordia”:
1274 3821 1507 3905 Vespasianus

312 3956 404 4010 metu
437 3948 557 4011 ductus
588 3945 765 4009 Vitellium
790 3944 1014 4008 occidendum
1039 3943 1180 4018 curabit,
1207 3942 1381 4006 Vitelliani
1406 3943 1508 4006 mise·

312 4069 457 4131 ricordia
480 4068 564 4131 moti
589 4068 734 4129 eundem
760 4067 793 4128 in
819 4066 909 4129 vitae
932 4067 1104 4129 adducent
1128 4065 1321 4128 discrimen.

358 4308 402 4370 H.
427 4307 488 4381 111,
513 4320 566 4389 72.
600 4306 651 4368 De
681 4305 842 4389 Capitolii
866 4306 1023 4371 incendio
1047 4307 1132 4370 haec
1154 4306 1294 4368 Tacitus
1317 4305 1507 4370 exclamat:

359 4427 417 4506 ,ld
450 4425 578 4488 lacinus
602 4434 680 4508 post
704 4427 877 4489 conditam
900 4428 1017 4490 urbem
1042 4426 1326 4490 luctuosissimum
1352 4425 1506 4492 foedissi-
