3248 5230
665 455 726 522 255

97 615 173 676 iure
194 613 406 678 Prammerus
425 615 581 679 restituit.
608 616 729 680 Nullae
748 626 826 681 sunt
846 619 1007 683 certiores
1026 622 1293 696 emendationes,

97 753 204 814 quam
228 734 351 814 quibus
373 743 537 816 appareat
561 737 772 819 corruptelae
798 739 881 802 duas
904 738 965 803 has
986 739 1085 802 fuisse
1105 760 1239 803 causas:
1261 741 1296 803 et

99 853 277 916 oculorum
303 852 337 916 et
362 854 485 916 mentis
508 875 667 919 errorem.

144 1091 191 1154 A.
215 1091 294 1167 XV,
324 1109 372 1156 10.
405 1091 524 1157 Stultis
552 1094 699 1158 consiliis
724 1096 846 1159 Paetus
870 1098 940 1160 vim
963 1097 1148 1180 copiarum,
1171 1097 1294 1179 quibus

98 1221 244 1294 praeest,
270 1213 358 1276 ultro
383 1213 544 1296 infringit,
566 1236 738 1298 nunquam
758 1217 823 1280 sibi
843 1227 988 1292 constat,
1009 1217 1132 1281 milites
1151 1219 1295 1301 dissipat

97 1340 135 1394 et
160 1333 207 1394 ita
231 1331 321 1396 bello
345 1333 480 1397 inutiles
503 1336 626 1399 reddit.
651 1333 707 1400 Sic
732 1345 766 1399 et
789 1334 895 1400 filiurn
920 1357 1129 1419 uxoremque
1153 1338 1293 1401 castello

98 1452 250 1531 quodam
275 1451 388 1516 abdit:

147 1572 248 1650 „data
270 1571 305 1633 in
330 1573 535 1654 praesidium
560 1573 700 1637 cohorte
720 1593 760 1637 ac
781 1575 933 1657 disperso
955 1574 1071 1651 milite,
1093 1576 1204 1657 quiin
1225 1595 1293 1639 uno

94 1688 175 1752 loco
199 1688 335 1752 habitus
359 1710 482 1772 vagum
507 1690 641 1755 hostem
667 1693 857 1775 promptius
881 1693 1172 1757 sustentavisset.”

144 1807 263 1872 Codex
286 1809 320 1871 in
346 1809 412 1873 fine
435 1813 625 1874 sententiae
650 1813 747 1875 addit
772 1814 874 1875 etiam
897 1813 1096 1895 particulam
1115 1827 1156 1879 et.
1180 1813 1292 1896 Quam

93 1928 283 1992 lectionem
306 1930 353 1991 sic
378 1939 493 1993 natam
513 1930 675 1994 arbitror:
698 1932 731 1993 in
752 1932 912 2013 exemplo
932 1931 1126 2014 legebatur:
1146 1946 1293 1999 sustenta

185 2058 217 2112 et
234 2049 464 2131 suprascripto
482 2049 623 2112 lacunae
642 2049 883 2133 supplemento
903 2052 1011 2127 visset,
1032 2053 1124 2134 quod
1138 2053 1292 2116 librarius

96 2169 148 2230 ita
180 2169 213 2230 in
246 2176 380 2230 textum
412 2171 541 2252 recepit
572 2177 610 2232 ut
640 2171 729 2234 istud
753 2183 785 2234 et
808 2173 980 2234 retineret.
1007 2172 1058 2236 Cf.
1084 2173 1128 2238 H.
1153 2174 1215 2250 111,
1241 2191 1294 2250 20,

96 2287 158 2350 ubi
190 2287 224 2350 in
255 2288 374 2351 codice
405 2289 614 2372 ineptissime
638 2290 776 2373 legitur:
807 2298 843 2352 et
869 2291 1004 2370 „vineis
1030 2293 1293 2359 machinamenti

95 2427 206 2489 genus
237 2408 280 2470 ad
314 2409 561 2490 expugnandos
591 2429 704 2472 muros
727 2409 761 2471 in
787 2410 926 2473 modum
949 2411 1091 2474 turrium
1116 2412 1243 2476 factum
1266 2415 1294 2476 is

95 2526 329 2608 aggredienda
360 2526 472 2590 urbs.”
505 2527 660 2610 Recepto
691 2528 781 2591 enim
813 2528 846 2590 in
878 2537 1012 2591 textum
1044 2539 1122 2612 post
1144 2532 1293 2614 syllabas

93 2645 172 2708 vine
193 2645 506 2727 interpretamento,
528 2647 621 2728 quod
642 2647 675 2709 in
696 2646 854 2729 exemplo
875 2648 963 2710 inter
983 2647 1087 2712 lineas
1106 2648 1293 2732 legebatur,

93 2763 251 2826 librarius
282 2773 402 2847 postea
426 2785 556 2841 vocem,
581 2786 601 2829 a
625 2774 816 2828 correctore
841 2766 1000 2842 monitus,
1023 2768 1205 2850 supplevit,
1231 2772 1291 2834 sed

94 2904 221 2966 vagam
252 2863 418 2967 syllabam
450 2886 480 2948 is
511 2885 624 2950 delere
656 2885 818 2968 neglexit.
851 2886 977 2951 Nostro
1007 2908 1088 2951 vero
1111 2888 1187 2952 loco
1211 2890 1291 2954 olim

93 3004 260 3085 scriptum
280 3003 379 3066 fuisse
399 3004 551 3087 suspicor
565 3024 632 3066 non
641 3005 897 3080 sistentavisset
910 3007 1003 3088 quod
1017 3007 1094 3071 huic
1108 3009 1291 3072 narrationi

95 3143 218 3207 parum
239 3131 368 3205 aptum,
394 3143 511 3186 verum
534 3135 722 3188 sustentare
738 3125 909 3208 potuisset.

142 3243 248 3307 Paulo
271 3251 371 3306 antea
396 3243 428 3306 in
454 3244 576 3306 eodem
601 3245 713 3327 capite
737 3244 820 3307 haec
845 3245 1026 3312 habemus:

144 3361 364 3443 „Adventare
386 3361 603 3445 Vologaesen
625 3384 749 3447 magno
771 3373 806 3427 et
826 3365 957 3429 infenso
978 3369 1113 3450 agmine
1125 3370 1291 3434 auditum.

94 3482 239 3545 Accitur
274 3481 364 3564 legio
400 3482 613 3559 duodecima,
650 3492 684 3547 et
720 3485 809 3546 unde
846 3483 970 3548 famam
1001 3488 1091 3550 aucti
1123 3491 1292 3552 exercitus

92 3608 303 3684 speraverat,
324 3601 460 3682 prodita
480 3600 717 3684 infrequentia.
743 3601 818 3684 Qua
839 3611 955 3665 tamen
976 3606 1111 3667 retineri
1131 3616 1241 3670 castra
1254 3615 1291 3671 et

92 3718 186 3783 eludi
218 3719 363 3782 Parthus
394 3728 504 3783 tractu
536 3719 615 3784 belli
650 3729 794 3804 poterat,
819 3722 847 3782 si
873 3721 976 3784 Paeto
1001 3731 1059 3784 aut
1084 3725 1116 3785 in
1141 3725 1208 3788 suis
1232 3735 1291 3790 aut

91 3842 128 3903 in
153 3839 272 3902 alienis
297 3839 444 3903 consiliis
467 3841 660 3904 constantia
684 3837 835 3903 fuisset.”

141 3959 237 4034 Mire,
260 3979 302 4022 ne
322 3960 467 4023 absurde
488 3961 610 4036 dicam,
623 3961 697 4042 ipsa
709 3959 935 4042 infrequentia
948 3957 1037 4022 utilis
1049 3979 1123 4023 esse
1137 3963 1287 4043 potuisse

90 4080 218 4142 dicitur
242 4079 285 4141 ad
307 4079 531 4142 resistendum
552 4079 716 4142 hostibus.
739 4077 826 4140 Nam
848 4079 1028 4159 quominus
1048 4080 1129 4143 mihi
1150 4088 1289 4166 respon-

90 4201 215 4263 deatur
245 4196 301 4260 illa
333 4218 417 4261 voce
448 4201 595 4265 cohortes
626 4198 852 4283 infrequentes
883 4199 1050 4280 designari
1083 4221 1181 4283 posse
1213 4203 1287 4284 ipsa

87 4315 263 4380 sententia
287 4317 416 4380 obstat:
443 4319 475 4380 in
501 4319 655 4400 „prodita
676 4317 925 4397 infrequentia’'
946 4320 1196 4383 substantivum
1216 4342 1286 4385 con·

87 4437 247 4502 ditionem
260 4436 434 4518 copiarum
447 4437 624 4518 significat,
639 4457 748 4520 neque
763 4455 845 4517 ergo
858 4438 958 4500 adiici
972 4449 1085 4520 potest
1099 4461 1287 4523 pronomen
