3228 5236
868 381 933 443 216

309 561 483 645 potuerint
504 559 658 642 quaeris?
683 560 780 623 Duae
801 560 882 623 mihi
903 562 1141 624 annotationes
1163 562 1320 625 videntur
1338 563 1382 626 ad
1396 563 1502 626 verba

310 682 365 745 illa
386 701 464 744 vere
484 681 625 744 Tacitea
638 681 685 762 (et
697 677 948 762 elegantissima
960 679 1043 743 haec
1057 688 1108 742 est
1121 680 1298 763 brevitas):
1326 702 1502 764 ,quaeque

309 801 401 884 apud
433 801 620 863 concordes
651 799 783 862 vincula
815 800 974 874 caritatis,
1006 801 1226 863 incitamenta
1256 802 1378 863 irarum
1409 804 1503 884 apud

310 919 458 982 infensos
481 919 611 982 erant.’'

356 1040 400 1103 A.
410 1041 435 1115 1,
450 1040 500 1120 56.
511 1039 732 1103 Germanicus
745 1040 943 1121 expeditum
956 1039 1142 1102 exercitum
1157 1041 1189 1102 in
1200 1039 1343 1103 Chattos
1355 1041 1442 1123 rapit
1456 1049 1508 1103 et:

360 1160 516 1240 „incenso
539 1159 661 1222 Mattio
682 1159 729 1240 (id
749 1160 841 1241 genti
863 1160 976 1241 caput)
997 1168 1116 1241 aperta
1136 1159 1317 1242 populatus
1338 1162 1438 1224 vertit
1457 1163 1503 1224 ad

313 1278 481 1354 Rhenum,
506 1299 575 1341 non
597 1298 680 1341 auso
703 1276 800 1341 hoste
825 1286 921 1360 terga
943 1278 1141 1341 abeuntium
1165 1278 1362 1342 lacessere.”

357 1397 517 1479 Sequitur
539 1398 660 1461 etiam:

361 1501 471 1600 ,quod
492 1517 538 1580 illi
559 1518 671 1594 moris,
690 1518 849 1599 quotiens
868 1525 942 1580 astu
964 1518 1071 1599 magis
1091 1537 1192 1599 quarn
1214 1537 1273 1600 per
1286 1517 1504 1581 formidinem

313 1637 435 1701 cessit’'

313 1759 373 1822 sed
393 1757 650 1821 annotationem
670 1754 757 1819 hanc
779 1754 859 1818 olim
873 1755 972 1817 fuisse
984 1775 1049 1837 ego
1063 1775 1131 1818 non
1144 1757 1215 1819 sine
1228 1775 1329 1819 causa
1342 1757 1506 1839 suspicari

315 1876 395 1940 mihi
420 1877 548 1938 videor.
574 1876 662 1938 Nam
688 1875 791 1938 verba
815 1875 991 1938 Taciteum
1013 1876 1183 1956 quendam
1204 1875 1333 1938 habent
1354 1875 1505 1939 colorem

315 1996 415 2080 (haud
449 1996 558 2078 nego),
591 1995 651 2058 sed
684 1995 833 2057 imitator
865 2015 901 2057 se
932 1997 1003 2077 ipse
1035 1995 1234 2076 pronomine
1265 1995 1327 2070 illi,
1352 1998 1446 2078 quod
1471 1998 1505 2058 in

315 2116 405 2180 hunc
426 2116 537 2178 locum
563 2115 700 2177 minime
725 2115 880 2196 quadrat,
905 2113 1019 2196 prodit
1039 2122 1074 2176 et
1096 2121 1271 2195 praeterea
1291 2114 1508 2178 observanda

316 2237 538 2317 docendaque
574 2255 615 2298 ea
649 2256 695 2310 re,
730 2255 817 2316 quae
852 2234 930 2296 hinc
963 2254 1098 2317 prorsus
1128 2234 1179 2296 dst
1210 2233 1330 2297 aliena.
1367 2235 1506 2299 Etenim

317 2375 431 2418 veram
453 2355 542 2418 illam
563 2353 662 2416 fuisse
683 2354 807 2436 fugam,
829 2374 896 2416 non
917 2353 1119 2428 simulatam,
1133 2373 1200 2416 non
1213 2351 1314 2430 φόβον
1327 2356 1386 2417 sed
1400 2353 1506 2434 φύζαν

317 2475 452 2558 plenam
478 2473 742 2557 perfectamque,
766 2481 841 2535 tota
864 2474 1012 2536 narratio
1032 2493 1134 2554 quam
1155 2474 1373 2536 disertissime
1394 2475 1508 2538 docet.

319 2595 493 2658 Postremo
525 2592 607 2656 illud
643 2593 752 2674 ,quod
785 2592 830 2654 illi
865 2592 967 2655 moris
997 2629 1040 2638 -
1071 2592 1192 2655 cessit''
1223 2593 1340 2675 legens
1371 2615 1438 2657 non
1464 2597 1509 2658 de

318 2737 381 2780 uno
405 2713 651 2778 Germanorum
677 2711 815 2794 populO,
840 2713 899 2773 sed
925 2713 968 2775 de
993 2719 1066 2774 tota
1089 2711 1299 2775 Parthorum
1324 2721 1426 2796 gente
1450 2716 1506 2796 agi

319 2843 438 2919 putare
461 2833 602 2915 cogeris.

364 2955 408 3018 A.
422 2955 448 3028 I,
462 2954 514 3016 66.
537 2952 703 3016 Caecinae
725 2952 849 3014 milites
862 2952 920 3012 vix
933 2971 951 3012 e
966 2950 1121 3013 manibus
1134 2950 1379 3014 Germanorum
1393 2952 1510 3036 elapsi,

320 3078 400 3138 dum
434 3082 570 3154 postero
598 3073 654 3135 die
677 3073 819 3135 exitium
843 3072 1037 3135 adfuturum
1062 3092 1257 3154 persuasum
1281 3072 1344 3134 sibi
1369 3073 1508 3146 habent,

318 3192 432 3256 subito
453 3191 580 3254 terrore
601 3191 744 3274 perculsi
765 3193 808 3254 ad
830 3199 964 3274 portam
985 3193 1207 3254 decumanam
1224 3191 1376 3273 plerique
1390 3201 1507 3254 ruunt:

368 3311 543 3392 ,Caecina
574 3319 751 3393 comperto
783 3331 904 3374 vanam
937 3331 1009 3373 esse
1041 3311 1266 3386 formidinem,
1290 3331 1368 3372 cum
1391 3318 1506 3373 tamen

320 3452 430 3514 neque
454 3432 656 3494 auctoritate
681 3451 791 3512 neque
812 3430 979 3513 precibus,
999 3451 1040 3493 ne
1062 3451 1163 3493 manu
1185 3431 1322 3511 quidem
1335 3429 1506 3492 obsistere

319 3560 378 3616 aut
396 3553 546 3614 retinere
571 3551 712 3613 militem
737 3551 859 3631 quiret,
886 3552 1055 3633 proiectus
1078 3551 1111 3613 in
1137 3550 1252 3612 limine
1272 3559 1391 3632 portae
1412 3550 1508 3612 mise·

321 3672 451 3735 ratione
475 3673 611 3735 demum
637 3669 756 3732 clausit
777 3669 901 3732 viam.”

366 3791 545 3853 Diutiusne
581 3789 726 3853 feramus
757 3788 1019 3870 pulcherrimum
1050 3786 1140 3850 hunc
1169 3788 1281 3850 locum
1313 3786 1508 3868 languidum

323 3910 550 3992 frigidumque
591 3910 687 3972 reddi
721 3908 845 3971 insulsa
876 3907 1055 3989 magistelli
1086 3908 1309 3970 annotatione
1339 3907 1418 3988 quia
1447 3918 1508 3989 per

322 4041 440 4112 corpus
476 4029 580 4111 legati
613 4029 753 4092 eundum
788 4040 872 4102 erat,
909 4047 997 4108 quae
1032 4046 1120 4089 nunc
1153 4026 1264 4088 verbis
1303 4027 1508 4089 miseratione

321 4151 449 4212 demum
473 4145 657 4211 adhaeret?

367 4268 410 4331 A.
445 4267 469 4340 I·,
503 4279 556 4346 72.
589 4265 641 4326 De
673 4264 747 4346 lege
780 4267 975 4341 maiestatiS,
1006 4285 1108 4348 quam
1140 4266 1320 4329 reduxerat
1344 4263 1503 4333 Tiberius,

322 4387 369 4451 ita
393 4383 532 4446 Tacitus
556 4384 725 4468 disputat:
