3266 5238
664 394 707 460 97

139 558 181 620 A.
202 557 298 632 XVI,
324 575 372 636 14.
393 556 563 619 Antistius
584 556 662 618 exul
682 555 847 618 Anteium
864 563 898 617 et
914 553 1089 619 Ostorium
1106 555 1286 639 Scapulam

97 679 219 742 indicat
244 687 420 759 tamquam
443 696 497 739 res
520 695 626 739 novas
647 675 783 738 molitos
803 675 836 738 in
857 695 965 757 eaque
984 696 1019 738 re
1038 675 1287 740 Chaldaeorum

97 818 171 861 usos
194 807 284 862 arte:

141 918 214 998 ,Ac
238 917 376 1000 vulgato
400 916 472 979 eius
495 917 621 979 indicio
641 917 729 979 inter
748 917 929 980 damnatos
950 917 1057 999 magis
1077 915 1180 999 quam
1201 918 1288 980 inter

96 1059 168 1100 reos
198 1037 344 1100 Anteius
376 1034 599 1118 Ostoriusque
623 1034 847 1112 habebantur,
871 1038 958 1099 adeo
983 1046 1020 1100 ut
1043 1046 1288 1101 testamentum

95 1159 199 1222 Antei
224 1178 324 1222 nemo
348 1157 554 1240 obsignaret,
579 1157 641 1219 nisi
665 1157 852 1239 Tigellinus
871 1165 991 1220 auctor
1010 1159 1197 1221 exstitisset
1218 1178 1288 1220 mo·

94 1281 164 1342 nito
189 1279 281 1362 prius
304 1277 433 1341 Anteio
457 1297 499 1340 ne
524 1297 698 1359 supremas
722 1277 855 1340 tabulas
881 1277 1102 1341 moraretur.”

136 1398 266 1462 Monito
282 1406 376 1461 certa
395 1405 446 1460 est
464 1396 647 1478 Agricolae
660 1398 855 1460 emendatio
868 1419 930 1480 pro
943 1399 1094 1462 monitus.
1108 1397 1289 1480 Quaeritur

93 1539 173 1601 ergo
207 1537 277 1600 quo
309 1517 537 1610 modoxillum
570 1526 698 1580 metum
727 1517 833 1580 Antei
858 1516 1078 1581 familiaribus
1101 1517 1288 1601 Tigellinus

92 1638 270 1701 ademerit.
285 1637 485 1720 Respondet
499 1637 743 1719 Nipperdeius:
761 1638 1089 1718 ,monendoAnteio
1100 1658 1141 1700 ne
1151 1659 1176 1700 s.
1186 1646 1211 1700 t.
1222 1637 1288 1700 m.”

92 1757 141 1820 At
159 1759 308 1840 primum
326 1757 596 1839 quotusquisque
613 1776 730 1819 eorum
749 1757 783 1819 id
800 1757 976 1820 auditurus
994 1755 1086 1820 erat?
1105 1758 1181 1820 Hoc
1197 1759 1288 1821 enim

91 1877 281 1952 consilium,
314 1885 351 1939 ut
380 1877 514 1959 opinor,
546 1877 637 1939 solus
667 1877 730 1939 soli
758 1876 945 1959 Tigellinus
973 1878 1080 1940 dedit.
1109 1875 1176 1941 Sed
1206 1878 1288 1960 quid

92 1983 220 2062 multa?
245 1998 369 2061 Nonne
393 1997 458 2079 ipsi
482 1998 628 2060 sermoni
655 1998 779 2060 Latino
803 2007 922 2080 aperte
947 1998 1016 2060 vim
1040 1998 1180 2061 iacimus
1200 2018 1288 2073 cum,

90 2118 246 2202 legentes
270 2119 313 2180 de
337 2137 379 2180 eo
403 2117 461 2198 qui
486 2116 665 2199 obsignare
686 2117 880 2181 nolentibus
899 2129 1016 2182 auctor
1035 2119 1171 2193 exstitit,
1193 2120 1290 2201 quid-

90 2258 196 2320 quam
220 2236 312 2300 aliud
336 2256 414 2299 eum
436 2234 554 2298 fecisse
573 2215 772 2299 coniicimus
793 2257 894 2318 quam
909 2239 1061 2320 primum
1080 2238 1290 2321 obsignasse?

90 2357 216 2421 Cetera
243 2378 332 2420 nunc
356 2365 479 2439 sponte
503 2364 700 2437 sequuntur,
724 2364 759 2419 et
783 2357 888 2420 totius
911 2356 976 2419 loci
1002 2356 1056 2420 hic
1079 2377 1196 2421 sensus
1220 2367 1289 2421 est:

94 2477 296 2558 ,obsignare
320 2476 387 2538 iam
412 2474 518 2538 Antei
542 2483 786 2538 testamentum
810 2476 958 2566 audebat
983 2495 1094 2551 nemo,
1116 2496 1197 2560 ergo
1218 2477 1290 2559 ipse

90 2595 281 2679 Tigellinus
300 2596 447 2678 primum
468 2595 586 2657 mortis
606 2594 844 2658 necessitatem
865 2595 988 2657 misero
1005 2596 1133 2657 homini
1151 2596 1289 2671 indixit;

90 2716 151 2799 qui
172 2737 251 2780 cum
271 2714 335 2779 hac
355 2734 390 2778 re
410 2715 527 2778 audita
544 2723 787 2778 testamentum
803 2714 948 2789 iecisset,
966 2715 1152 2798 Tigellinus
1168 2717 1290 2780 ceteris

89 2836 298 2918 obsignandi
319 2836 446 2898 exemit
465 2833 659 2917 scrupulum
676 2835 759 2897 dum
777 2835 903 2916 primus
916 2835 1067 2898 omnium
1081 2834 1161 2898 iacit
1174 2835 1289 2898 illud.”

90 2959 196 3022 Nunc
219 2958 369 3032 demum,
393 2957 427 3019 id
451 2956 544 3037 quod
569 2964 660 3018 recte
685 2955 868 3018 Furneaux
892 2955 1061 3032 observat,
1076 2958 1178 3040 prius
1198 2965 1289 3020 recte

90 3079 147 3140 hic
174 3077 325 3160 ponitur.

137 3197 186 3260 H.
211 3196 237 3271 Ι,
267 3213 315 3279 17.
344 3196 428 3278 (Iam
453 3195 610 3257 Pisonem
634 3195 814 3279 adoptavit
838 3194 957 3270 Galba,
981 3204 1017 3258 et
1041 3205 1118 3279 post
1141 3198 1290 3280 aliquam

88 3316 379 3380 deliberationem
398 3317 575 3378 decretum
592 3323 644 3376 est
663 3315 751 3378 utin
770 3316 887 3379 castris
906 3318 1083 3399 praetoriis
1096 3338 1136 3381 ea
1148 3320 1291 3402 adoptio

89 3437 376 3518 nuncuparetur):

147 3555 448 3637 „Circumsteterat
462 3555 599 3617 interim
613 3553 778 3618 Palatium
792 3555 927 3637 publica
940 3557 1162 3638 exspectatio,
1178 3559 1290 3638 magni

90 3675 220 3739 secreti
245 3671 462 3756 impatiens.”

136 3793 176 3858 Si
213 3793 289 3876 quis
324 3794 457 3875 quaerit
491 3794 583 3876 quod
618 3795 662 3857 sit
693 3813 850 3876 magnum
883 3791 964 3855 illud
994 3804 1164 3868 secretum,
1198 3796 1289 3875 quod

88 3913 254 3978 homines
283 3919 463 3994 tantopere
494 3932 699 3994 cognoscere
730 3912 886 3994 gestiant,
918 3913 951 3974 in
982 3921 1142 3995 promptu
1167 3922 1218 3977 est
1242 3935 1291 3977 re·

87 4035 285 4118 spondere:
318 4033 409 4114 ,ipsa
433 4032 575 4114 adoptio
599 4032 651 4095 his
675 4032 849 4096 vocabulis
873 4031 1090 4115 significatur,
1115 4035 1291 4117 plebecula

87 4155 187 4218 enim
221 4171 289 4214 non
320 4150 475 4214 adfuerat
506 4151 652 4214 comitiis
683 4151 746 4213 illis
770 4151 913 4234 imperii,
938 4172 1024 4233 quae
1049 4173 1077 4216 c.
1107 4171 1145 4232 14
1169 4154 1293 4217 descri-

87 4275 234 4346 buntur,
262 4290 342 4354 ergo
370 4291 459 4334 nunc
481 4272 603 4334 ardent
627 4272 740 4334 studio
764 4272 924 4334 audiendi
949 4292 1050 4353 quem
1074 4272 1138 4336 sibi
1163 4293 1292 4336 succes-

86 4413 208 4458 sorem
230 4391 340 4456 Galba
360 4390 532 4474 elegerit.'’
553 4391 603 4454 At
622 4392 695 4473 ipse
715 4391 853 4456 Tacitus
869 4391 933 4455 hoc
951 4413 1148 4475 responsum
1170 4394 1294 4458 refutat

1135 4525 1149 4575 7
