3228 5236
677 450 741 518 ²09

105 618 368 691 temperassent.
389 609 457 676 Sed
476 611 532 674 ubi
549 609 694 676 Caecina
708 621 886 695 praetexta
899 612 1140 695 lictoribusque
1153 615 1302 697 insignis

106 730 243 792 dimota
267 730 377 806 turba,
402 732 548 807 incessit,
575 752 729 795 exarsere
754 732 933 796 victores.”

154 849 293 913 Putavit
312 850 435 912 sciolus
454 851 538 914 haec
558 850 741 935 aliquando
761 852 887 915 lectum
907 853 946 915 iri
966 852 1011 915 ab
1023 851 1217 916 hominibus
1230 853 1303 916 bar·

108 969 211 1044 baris
236 970 294 1051 qui
317 990 377 1033 sua
400 979 523 1052 sponte
547 992 566 1034 e
586 971 700 1034 verbis
713 983 893 1055 praetexta
912 971 1143 1054 lictoribusque
1162 974 1304 1056 insignis

107 1108 213 1169 quem
246 1089 412 1152 honorem
444 1109 522 1152 cum
554 1089 701 1153 maxime
729 1092 886 1174 gessisset
910 1090 1056 1154 Caecina
1079 1091 1211 1154 efficere
1235 1112 1304 1154 non
1392 1169 1395 1178 Ι

108 1217 262 1290 possent.
295 1208 488 1272 Annotavit
508 1229 606 1292 ergo:
625 1210 746 1286 consul,
768 1213 859 1292 quod
882 1211 1095 1286 vocabulum,
1117 1212 1303 1275 intextum

107 1336 299 1410 receptum,
332 1349 420 1392 nunc
453 1330 525 1412 ipsa
556 1331 648 1402 sede,
680 1350 782 1411 quam
814 1331 1005 1412 occupavit,
1038 1329 1111 1393 salsi
1135 1332 1303 1413 arguitur:

109 1457 191 1530 post
214 1449 315 1512 turba
339 1450 429 1512 enim
453 1449 585 1532 legitur.

159 1566 202 1630 H.
235 1568 297 1642 111,
328 1570 382 1648 48.
407 1569 447 1631 In
472 1569 637 1653 Aegypto
662 1590 738 1632 cum
763 1579 852 1633 esset
877 1571 980 1634 etiam
1005 1571 1236 1654 Vespasianus
1261 1573 1304 1634 de

109 1689 232 1769 proelii
257 1687 495 1752 Cremonensis
519 1691 612 1753 exitu
637 1690 675 1752 fit
699 1691 839 1753 certior:

163 1807 234 1887 ,Eo
268 1809 504 1891 properantius
536 1809 781 1872 Alexandriam
814 1809 934 1892 pergit,
966 1819 1003 1871 ut
1035 1808 1142 1874 fracto
1175 1810 1305 1873 Vitellii

108 1928 266 1989 exercitu
291 1927 409 1990 urbem
434 1948 570 2009 quoque
594 1937 756 1992 externae
780 1929 854 2011 opis
877 1929 1028 2011 indigam
1053 1929 1141 1993 same
1161 1941 1306 2012 urgeret.

109 2046 272 2128 Namque
290 2044 312 2127 ¹)
333 2055 368 2109 et
389 2046 538 2110 Africam
559 2056 648 2111 terra
669 2049 820 2129 marique
841 2049 1001 2111 invadere
1015 2049 1167 2130 parabat,
1188 2049 1308 2112 clausis

108 2186 270 2229 annonae
296 2167 453 2230 subsidiis
477 2168 626 2250 inopiam
651 2188 690 2230 ac
716 2168 919 2232 discordiam
946 2169 1033 2232 hosti
1058 2168 1241 2232 facturus.''

161 2285 337 2367 Numquid
361 2287 400 2348 iis
425 2286 617 2350 hominibus
641 2307 677 2348 se
701 2287 847 2349 scribere
871 2289 1003 2370 putavit
1028 2288 1176 2364 Tacitus,
1197 2291 1253 2371 qui
1274 2290 1307 2351 in

111 2426 183 2486 qua
200 2414 297 2489 parte
313 2404 405 2468 orbis
420 2414 584 2468 terrarum
598 2406 774 2487 provincia
786 2405 904 2469 Africa
916 2408 980 2470 sita
994 2416 1083 2470 esset
1096 2407 1308 2490 ignorarent?

112 2525 162 2587 Et
186 2525 212 2587 si
238 2526 382 2607 putavit,
404 2544 485 2588 num
507 2525 692 2606 quidquam
713 2545 748 2586 se
768 2525 807 2586 iis
826 2524 1038 2606 profuturum
1051 2527 1233 2590 arbitratus
1246 2535 1308 2602 est,

112 2645 142 2706 si
161 2645 373 2708 adscriberet
391 2645 498 2708 eodem
518 2644 622 2707 latere
640 2642 761 2707 sitam?
782 2643 891 2707 Immo
913 2644 1092 2727 magistelli
1112 2647 1176 2709 ista
1188 2655 1239 2709 est
1252 2667 1309 2709 an·

113 2764 248 2826 notatio
266 2783 377 2845 neque
393 2764 485 2826 docti
502 2763 687 2826 admodum
705 2771 740 2825 et
757 2763 986 2830 inscribendo
1004 2784 1122 2845 parurn
1135 2765 1310 2846 elegantis.

161 2883 207 2946 H.
228 2883 289 2958 ΙΙΙ,
311 2901 365 2965 49.
390 2882 500 2962 „Dum
521 2882 584 2944 hac
605 2881 820 2948 totius.orbis
840 2883 1016 2949 nutatione
1029 2882 1165 2946 fortuna
1178 2885 1309 2966 imperii

114 3004 247 3078 transit,
275 3002 404 3066 Primus
428 3002 600 3065 Antonius
625 3021 839 3084 nequaquam
864 3004 935 3082 pari
959 3002 1153 3065 innocentia
1173 3003 1308 3084 agebat,

115 3123 329 3187 satisfactum
354 3122 444 3186 bello
469 3130 561 3185 ratus
585 3129 620 3183 et
643 3131 756 3184 cetera
779 3141 823 3183 ex
847 3121 935 3184 sacili
961 3142 991 3184 e.
1005 3140 1038 3201 q.
1051 3120 1099 3183 s.'’

161 3241 373 3316 Sermonem,
406 3249 442 3304 ut
470 3240 602 3322 opinor,
627 3259 727 3302 nemo
751 3239 806 3301 hic
830 3238 1048 3321 improbabit,
1074 3241 1116 3303 de
1139 3242 1309 3304 sententia

116 3382 218 3424 nemo
239 3359 428 3434 dubitabit;
451 3358 646 3441 planissima
667 3359 756 3421 enim
776 3365 854 3420 sunt
875 3359 998 3420 omnia.
1024 3357 1148 3421 Verbis
1167 3379 1312 3441 ,nequa-

118 3499 220 3562 quam
253 3480 325 3562 pari
356 3479 553 3542 innocentia
584 3476 730 3560 agebat¹'
762 3477 953 3540 Antonium
987 3478 1152 3540 victorem
1183 3479 1249 3542 iam
1278 3488 1311 3542 et

119 3599 191 3662 urbi
215 3599 552 3682 appropinquantem
576 3618 653 3660 cum
674 3618 715 3659 eo
736 3597 890 3659 Antonio
910 3598 1108 3678 comparari,
1130 3598 1187 3680 qui
1210 3599 1312 3660 modo

120 3739 138 3780 e
169 3719 346 3801 provincia
369 3739 429 3781 sua
453 3726 564 3780 castra
588 3716 742 3790 moverit,
768 3717 877 3797 quivis
901 3716 1016 3778 statim
1042 3716 1210 3799 intelligit.
1244 3715 1312 3782 Sed

122 3841 233 3901 omnia
265 3838 415 3920 corrupit
446 3837 611 3912 librarius,
643 3835 700 3917 qui
733 3835 767 3897 in
799 3843 932 3897 textum
964 3834 1136 3898 transtulit
1159 3835 1313 3900 inutilem

123 3957 378 4021 annotationem
403 3967 481 4038 post
513 3954 718 4030 Cremonam,
751 3973 853 4035 quam
878 3954 1102 4035 adscripscrat
1127 3954 1247 4036 aliquis
1271 3956 1314 4018 ad

125 4075 320 4140 illustranda
351 4074 455 4138 verba
485 4075 698 4156 satisfactum
727 4072 806 4136 bello
837 4085 945 4138 ratus.
987 4073 1082 4156 Quae
1114 4093 1204 4136 nunc
1234 4083 1314 4136 ante

125 4197 240 4278 agebat
268 4196 400 4278 legitur,
426 4193 482 4258 ubi
508 4193 601 4256 nullo
626 4193 728 4256 modo
752 4193 828 4256 ferri
853 4195 971 4276 possit.
1006 4194 1091 4276 Age,
1116 4193 1206 4256 clara
1230 4212 1314 4254 voce

164 4455 188 4521 1)
205 4455 340 4520 Namque:
360 4455 456 4520 ecquid
475 4454 593 4518 iamque?
