3266 5238
939 405 984 484 64

392 585 566 648 incautum
598 583 687 648 illud
713 605 832 668 agmen
864 583 1095 646 Romanorum
1127 591 1178 645 est
1209 583 1333 664 quibus
1363 581 1430 644 fide
1459 582 1540 644 data

348 702 463 767 Civilis
494 703 680 766 incolumes
709 702 802 766 abire
834 723 853 766 e
881 703 1008 777 castris,
1037 721 1124 784 quae
1152 701 1220 764 iam
1243 700 1332 763 ultra
1356 699 1539 763 defendere

347 831 531 904 nequeunt,
568 823 745 904 permittit.
782 823 847 885 Hic
878 830 989 884 totum
1021 820 1121 884 illud:
1152 832 1304 903 querente
1332 841 1412 883 sane
1443 866 1540 881 .....

347 942 554 1026 adfirmatur
584 942 735 1004 Haasius·
760 949 838 1024 post
867 942 982 1005 hausit
1011 941 1118 1022 ponit.
1147 940 1330 1022 Nunquam
1354 940 1540 1021 quidquam

348 1062 418 1124 vidi
454 1062 661 1144 perversius;
692 1062 891 1143 simulatque
922 1060 1109 1124 Germanos
1139 1069 1258 1123 contra
1291 1058 1393 1122 fidem
1425 1058 1540 1120 datam

348 1179 511 1244 facientes
545 1181 712 1264 conspicit
743 1180 860 1244 Civilis
891 1181 985 1263 queri
1018 1180 1147 1262 incipit,
1179 1181 1250 1242 sive
1280 1178 1456 1242 simulatus
1487 1177 1543 1240 ille

349 1299 446 1363 dolor
477 1308 538 1374 est,
571 1301 642 1363 sive
674 1320 791 1362 revera
821 1300 930 1362 invito
961 1300 1036 1381 ipso
1066 1299 1222 1362 saeviunt
1254 1297 1425 1362 Germani.
1454 1297 1541 1361 Illud

350 1440 430 1483 vero
453 1419 535 1502 quid
560 1419 624 1482 sibi
648 1418 820 1493 voluisset,
843 1419 870 1481 si
890 1427 963 1481 tum
983 1419 1121 1481 demum
1141 1417 1187 1480 ob
1208 1417 1385 1500 perfidiam
1405 1437 1542 1480 suorum

348 1540 553 1602 lamentatus
576 1547 664 1601 esset
689 1537 815 1613 Civilis,
838 1558 915 1600 cum
936 1546 971 1600 et
991 1547 1100 1601 castra
1120 1546 1156 1601 et
1176 1537 1300 1614 cuncti,
1320 1537 1378 1620 qui
1398 1537 1543 1610 inerant,

350 1657 496 1720 Romani
516 1655 742 1720 interiissent?
762 1656 850 1720 Tum
871 1659 1008 1720 demum
1027 1657 1054 1719 si
1067 1656 1221 1720 dolorem
1231 1657 1387 1742 fingeret,
1401 1655 1541 1736 quinam

349 1799 391 1842 eo
423 1786 519 1841 erant
550 1777 760 1860 decipiendi;
793 1777 819 1838 si
846 1797 946 1840 verus
968 1775 1030 1839 suit
1055 1775 1162 1851 dolor,
1186 1776 1269 1859 quid
1294 1775 1439 1838 faciebat
1464 1794 1542 1837 cum

350 1897 479 1981 perfide
515 1917 615 1978 agere
649 1895 860 1977 incipiebant
892 1893 1073 1992 Germanii
1103 1893 1287 1958 Tacitusne
1318 1895 1476 1958 adstabat
1507 1903 1544 1957 et

350 2016 557 2080 horrendum
581 2015 709 2078 lacinus
733 2014 1029 2097 contemplabatur
1053 2012 1209 2096 quietus?

397 2135 441 2197 H.
474 2134 517 2210 V,
555 2152 602 2218 17.
635 2133 741 2216 (Ante
776 2134 942 2216 proelium
976 2133 1092 2198 Civilis
1124 2135 1314 2197 orationem
1345 2135 1388 2198 ad
1420 2134 1545 2198 milites

352 2255 456 2318 habet
480 2263 515 2319 et
538 2255 604 2318 alia
627 2255 817 2317 admonens
841 2263 876 2317 et
899 2253 1013 2334 haecl:

397 2375 448 2437 Ne
480 2383 686 2437 terrerentur
717 2375 811 2437 vario
841 2372 1005 2436 Trevirici
1039 2375 1157 2456 proelii
1189 2383 1332 2437 eventu:
1356 2393 1451 2436 suam
1476 2372 1546 2436 illic

350 2494 524 2556 victoriam
546 2492 723 2556 Germanis
743 2492 925 2568 obstitisse,
946 2493 1027 2556 dum
1047 2494 1179 2556 omissis
1195 2493 1271 2556 telis
1284 2494 1411 2575 praeda
1424 2513 1546 2555 manus

349 2613 541 2695 impediunt
562 2659 682 2674 ......
704 2611 802 2674 Illum
823 2613 913 2675 diem
930 2621 989 2675 aut
1000 2612 1279 2696 gloriosissimum
1296 2614 1384 2676 inter
1399 2613 1544 2676 matures

350 2740 409 2795 aut
433 2731 696 2814 ignominiosum
720 2731 810 2813 apud
836 2739 991 2813 posteros
1015 2730 1097 2795 sore.

402 2852 466 2915 Pro
504 2851 681 2914 victoriam
719 2849 895 2913 Acidalius
932 2851 1126 2927 auaritiam,
1162 2851 1343 2915 Herbstius
1376 2852 1543 2914 incuriam

355 2978 613 3053 proposuerunt.
642 2969 812 3051 Equidem
837 2967 1012 3033 flosculum
1036 2990 1116 3033 vere
1139 2969 1317 3034 Taciteum
1340 2970 1546 3034 servandum

353 3108 486 3152 censeo.
508 3087 608 3170 Quod
630 3089 672 3150 ad
689 3088 967 3172 gloriosissimum
988 3090 1076 3152 inter
1091 3091 1233 3154 maiores
1248 3091 1382 3166 attinet,
1395 3111 1546 3173 agnosco

354 3207 409 3270 hic
435 3207 626 3269 liberiorem
650 3207 743 3270 illum
767 3207 963 3289 superlativi
986 3229 1094 3284 usum,
1118 3229 1137 3271 e
1163 3207 1301 3272 Graecis
1323 3209 1546 3292 scriptoribus

353 3334 424 3389 tam
447 3327 535 3389 bene
559 3335 677 3388 notum
702 3323 727 3408 (l
751 3321 874 3404 ἄριστος
898 3330 956 3389 τῶν
982 3324 1123 3406 πρότερον
1144 3328 1199 3392 vel
1217 3333 1276 3392 τῶν
1297 3327 1450 3411 ndnorrl:
1471 3328 1547 3392 dies

353 3446 530 3528 gloriosior
553 3465 655 3528 quam
678 3444 766 3509 ullus
789 3447 953 3509 maiorum
974 3456 1165 3511 nostrorum
1186 3457 1341 3531 tempore
1361 3447 1433 3512 fuit.
1453 3446 1547 3530 Quo-

353 3568 464 3631 min'us
489 3567 576 3630 inter
600 3567 742 3630 maiores
766 3565 939 3629 deleamus
962 3567 1076 3631 obstat
1101 3569 1265 3651 positivus
1288 3569 1545 3652 ignominiosum

353 3707 420 3750 non
452 3688 543 3750 enim
574 3695 667 3749 recte
698 3686 782 3748 haec
812 3687 901 3749 inter
930 3707 967 3750 se
998 3688 1113 3752 iuncta
1137 3690 1312 3752 videntur:
1337 3702 1399 3753 aut
1416 3689 1545 3774 glorio-

351 3807 518 3870 sissimum
536 3818 597 3870 aut
611 3806 862 3889 rgrwminiosum
880 3807 973 3888 apud
987 3809 1138 3872 maiores.
1157 3807 1449 3891 Nipperdeianum
1461 3826 1546 3870 vero

353 3927 388 3988 in
410 3926 554 3988 maiores
577 3944 638 4006 pro
663 3926 751 3988 inter
769 3925 911 3988 maiores
930 3925 1012 4007 quid
1032 3925 1096 3988 sibi
1118 3925 1199 3988 velit
1220 3946 1356 4009 prorsus
1375 3946 1430 3989 me
1449 3926 1546 3988 latet.

399 4042 491 4105 Ann.
516 4042 577 4118 IV,
604 4057 619 4123 5
646 4043 691 4124 (in
724 4044 979 4106 enumeratione
1010 4045 1184 4127 copiarum
1215 4046 1338 4128 quibus
1364 4046 1547 4128 imperium

355 4163 549 4225 Romanum
571 4162 705 4244 utiturl:

399 4281 504 4362 Apud
526 4280 648 4344 idonea
669 4282 917 4363 provinciarum
936 4283 1049 4344 sociae
1069 4284 1224 4346 triremes
1240 4283 1383 4366 alaeque
1400 4293 1436 4348 et
1453 4285 1550 4347 auxi·

354 4400 399 4462 lia
423 4398 623 4474 cohortium,
648 4419 758 4481 neque
782 4399 889 4463 multo
912 4419 1008 4462 secus
1033 4402 1066 4464 in
1091 4403 1130 4465 iis
1153 4404 1286 4478 virium,
1306 4403 1366 4466 sed
1387 4403 1549 4485 persequi
