3266 5238
731 439 769 505 71

155 598 339 662 Messalina
374 597 570 662 facultatem
606 599 765 663 hebetem
797 601 929 683 sibique
961 603 1157 665 devinctum
1189 605 1347 667 maritum

152 738 358 801 quocunque
382 719 522 782 tandem
547 721 650 782 modo
675 720 880 802 alloquendi.

196 837 241 900 A.
276 837 354 913 XII,
387 853 439 900 22.
476 838 687 921 ,Agrippina
814 839 943 903 Lolliae
971 840 1100 904 infensa
1125 889 1132 903 .
1153 889 1186 904 ..
1212 842 1348 905 molitur

132 959 293 1022 ¹crimina
317 967 353 1022 et
375 967 681 1022 accusatorem
703 961 793 1022 exim
814 959 974 1025 Claudius
993 961 1146 1025 inaudita
1164 983 1222 1025 rea
1243 963 1349 1026 multa

148 1080 194 1142 de
225 1078 427 1142 claritudine
455 1080 526 1142 eius
549 1080 640 1162 apud
665 1089 821 1143 senatum
845 1080 1016 1163 praefatus
1117 1083 1251 1146 addidit
1274 1104 1347 1166 per·

149 1200 280 1262 niciosa
311 1199 345 1262 in
378 1199 622 1282 rempublicam
654 1199 794 1262 consilia
824 1208 859 1262 et
890 1201 1066 1264 materiem
1095 1201 1211 1264 sceleri
1238 1202 1349 1264 detra-

151 1319 320 1382 hendam:
345 1319 442 1401 proin
467 1318 648 1401 publicatis
671 1319 770 1382 bonis
794 1320 930 1383 cederet
954 1317 1084 1383 Italia”.

200 1437 267 1500 Hic
298 1438 380 1519 quid
408 1438 451 1501 sit
475 1439 607 1502 addidit
629 1439 687 1501 vix
711 1439 889 1521 quisquam
914 1439 1070 1502 dubitare
1095 1448 1225 1523 potest:
1251 1439 1348 1505 Clau·

152 1556 240 1632 dius,
273 1564 310 1618 ut
341 1555 450 1620 Lollia
481 1577 549 1620 non
582 1578 735 1648 poenam·
760 1579 857 1640 passa
881 1558 941 1621 sed
967 1557 1181 1621 clementiam
1206 1567 1349 1643 experta

152 1677 336 1751 videretur,
373 1677 519 1758 primum
555 1678 598 1740 de
634 1678 812 1742 nobilitate
843 1679 915 1742 eius
945 1677 1126 1760 praefatur,
1159 1680 1283 1742 deinde
1313 1681 1348 1743 in

149 1797 311 1859 sententia
345 1796 481 1860 dicenda
511 1797 558 1860 sic
582 1798 740 1880 perrexit
769 1806 807 1859 ut
838 1797 980 1859 crimina
1011 1798 1041 1859 ei
1073 1797 1246 1861 obiiceret.
1280 1796 1347 1861 Sed

150 1915 329 1978 videamus
364 1933 453 1976 nunc
490 1915 582 1996 quod
619 1914 715 1991 XVI,
756 1929 792 1997 17
829 1914 967 1997 legitur:
1001 1917 1188 1998 (tamquam
1220 1916 1349 1979 Pisonis

150 2035 309 2098 conscius
332 2042 366 2097 et
390 2034 555 2098 Annaeus
579 2034 671 2098 Mela
693 2043 886 2111 accusatur;
911 2034 967 2098 ille
992 2037 1135 2118 autem):

204 2174 310 2236 ,quae
330 2162 403 2217 tum
424 2154 678 2236 promptissima
699 2153 816 2216 mortis
836 2153 901 2229 via,
923 2153 1069 2217 exsolvit
1084 2175 1198 2230 venaS,
1215 2155 1349 2238 scriptis

147 2272 329 2347 codicillis,
354 2272 476 2354 quibus
500 2274 664 2355 grandem
690 2273 869 2355 pecuniam
893 2273 926 2335 in
947 2272 1152 2356 Tigellinum
1171 2295 1350 2357 generum·

146 2412 222 2474 que
253 2393 325 2455 eius
356 2390 594 2456 Cossutianum
625 2391 829 2473 Capitonem
852 2392 1026 2475 erogabat,
1051 2413 1120 2474 quo
1144 2402 1257 2456 cetera
1281 2414 1349 2456 ma·

149 2521 285 2575 nerent.
318 2509 469 2574 Additur
491 2509 655 2573 codicillis
679 2520 854 2593 tamquam
879 2512 922 2574 de
946 2512 1126 2593 iniquitate
1149 2512 1244 2575 exitii
1268 2533 1349 2594 que·

148 2651 233 2694 rens
263 2632 310 2694 ita
341 2632 535 2714 scripsisset,
568 2651 603 2694 se
635 2631 774 2712 quidem
806 2633 891 2695 mori
923 2631 1022 2695 nullis
1050 2632 1206 2714 supplicii
1230 2633 1349 2710 causis,

149 2749 311 2815 Rufrium
345 2759 459 2814 autem
494 2750 686 2833 Crispinum
722 2759 757 2813 et
791 2750 952 2814 Anicium
987 2750 1153 2815 Cerialem
1185 2752 1255 2814 vita
1285 2750 1348 2814 frui

148 2869 304 2935 infensos
328 2869 505 2953 principi”.

201 2988 256 3053 Sic
287 2989 407 3066 codex,
440 2999 475 3053 et
506 2997 647 3073 possunt
674 2989 757 3052 haec
786 2997 958 3070 utcunque
982 2988 1135 3072 intelligi,
1161 2990 1348 3054 dummodo

148 3110 190 3174 et
214 3119 293 3173 ante
318 3121 486 3192 tamquam
511 3109 545 3173 et
569 3118 648 3192 post
670 3109 858 3192 scripsisset
876 3108 1006 3191 virgula
1027 3118 1182 3190 ponatur.
1204 3108 1272 3173 Sed
1294 3110 1348 3174 vel

147 3232 203 3296 sic
234 3229 604 3313 plusquamperfectum
636 3229 823 3312 scripsisset
852 3228 910 3290 vix
941 3226 1117 3290 ferendum
1146 3229 1289 3306 videtur,
1314 3239 1349 3293 et

148 3359 266 3414 totum
298 3348 380 3412 illud
411 3349 551 3413 additur
581 3361 751 3429 tamquam
783 3348 969 3431 scripsisset
994 3347 1094 3410 nimis
1118 3357 1273 3412 contorte
1298 3357 1349 3412 est

148 3470 380 3535 enuntiatum.
420 3469 512 3532 Nihil
553 3488 633 3531 vero
669 3468 858 3550 perversius
893 3486 997 3549 quam
1031 3466 1133 3529 lectio
1167 3470 1348 3552 scripsisse,

149 3607 259 3672 quam
283 3587 435 3651 nonnulli
459 3589 616 3671 probant,
641 3587 746 3649 verbo
765 3588 904 3651 additur
925 3607 1000 3649 eam
1022 3586 1224 3669 praebentes
1244 3596 1349 3650 struc-

150 3719 278 3783 turam,
312 3706 423 3790 fquam
459 3707 592 3782 dicitur,
622 3709 746 3790 fertur
779 3707 889 3769 simm.
926 3705 1051 3768 habere
1086 3704 1207 3768 solent.
1244 3706 1349 3768 Miror

149 3827 316 3910 equidem
337 3827 518 3901 neminem,
538 3845 615 3888 cum
636 3825 678 3888 de
699 3824 856 3888 codicillis
874 3823 1001 3906 aliquid
1022 3822 1158 3906 legisset
1174 3832 1208 3887 et
1225 3825 1349 3887 deinde

150 3949 189 4011 in
225 3946 370 4009 addendi
399 3943 540 4007 verbum
573 3943 749 4017 incideret,
781 3944 820 4006 de
850 3943 959 4006 altera
990 3943 1213 4008 codicillorum
1238 3955 1350 4028 parte,

149 4085 259 4148 quam
275 4064 446 4127 addiderit
457 4062 558 4137 Mela,
573 4062 749 4144 cogitasse.
765 4058 831 4123 Sed
845 4061 1068 4144 excipiendus
1081 4062 1134 4125 hic
1149 4064 1350 4148 DraegeruS,

150 4184 213 4267 qui
234 4191 346 4246 totum
365 4182 448 4245 illud
469 4193 638 4263 tamquam
658 4181 698 4243 de
718 4180 891 4260 iniquitate
909 4181 1006 4244 exitii
1022 4202 1160 4262 querens
1178 4185 1227 4247 ita
1247 4186 1351 4266 scrip·

149 4305 251 4368 sisset
278 4301 461 4365 delendum
490 4309 616 4376 censet,
645 4319 732 4382 quac
756 4299 961 4374 coniectura,
987 4301 1142 4382 quamvis
1167 4302 1249 4365 mihi
1272 4304 1351 4366 arri-

151 4425 247 4496 deat,
280 4420 381 4503 paulo
411 4429 527 4484 tamen
559 4419 740 4483 violentior
771 4417 917 4481 videtur.
949 4419 1041 4502 Ergo
1073 4423 1252 4502 expunctis
1279 4431 1351 4485 tan·
