3266 5238
667 466 723 532 125

92 640 128 694 et
152 634 272 695 cedere
299 633 391 707 urbe,
417 631 585 695 victurum
610 633 644 695 in
668 632 783 714 aliquo
808 632 926 696 abdito
950 640 984 695 et
1008 632 1197 714 longinquo
1216 653 1290 696 rure

91 752 297 827 testabatur;
319 749 418 814 simul
438 752 567 814 curiam
588 739 811 833 relinquebat.
833 751 1033 816 Commotus
1053 759 1105 814 est
1125 751 1290 826 Tiberius,

90 881 125 935 et
146 893 355 954 quamquam
376 871 489 935 verbis
506 871 663 936 Pisonem
677 872 916 955 permulsisset,
931 873 1141 956 propinquos
1154 893 1290 955 quoque

88 991 164 1053 eius
188 992 334 1075 impulit,
359 1000 395 1054 ut
419 991 604 1056 abeuntem
624 993 826 1056 auctoritate
849 991 902 1054 vel
924 992 1081 1074 precibus
1100 992 1290 1058 tenerent”.

135 1111 263 1174 Deesse
288 1112 473 1175 narrationi
496 1112 625 1194 aliquid
650 1121 707 1176 aut
732 1121 841 1176 totam
865 1132 948 1187 rem,
973 1131 1076 1192 quam
1099 1111 1191 1194 apud
1210 1129 1288 1174 auc-

87 1239 184 1294 tores
213 1253 293 1296 suos
319 1233 506 1308 invenerat,
530 1252 599 1296 non
624 1232 830 1295 intellexisse
855 1231 1011 1294 Tacitum
1038 1231 1119 1294 mihi
1144 1239 1289 1294 constat.

89 1350 182 1414 Nam
205 1351 270 1414 hoc
294 1352 433 1433 quidem
457 1351 645 1414 admodum
669 1350 842 1426 credibile,
866 1371 1005 1433 gravem
1025 1350 1173 1432 aliquem
1193 1371 1288 1415 sena-

86 1480 211 1546 torem,
243 1491 322 1534 cum
353 1491 456 1554 saepe
481 1473 523 1536 de
548 1473 715 1554 corruptis
739 1471 890 1534 moribus
913 1479 1080 1553 ageretur,
1105 1471 1288 1534 excessisse

88 1591 291 1654 relationem
317 1598 351 1653 et
375 1592 418 1653 de
443 1592 536 1654 omni
559 1611 684 1673 genere
704 1591 874 1666 vitiorum,
896 1611 958 1653 nec
978 1591 1021 1653 de
1042 1610 1084 1652 eo
1103 1590 1175 1654 solo
1195 1590 1288 1672 quod

87 1720 173 1774 tunc
193 1711 420 1774 coercendum
441 1731 514 1774 esse
535 1710 723 1785 dicebatur,
743 1718 968 1792 conquestum
989 1730 1077 1785 esse;
1097 1730 1207 1793 neque
1225 1710 1289 1772 hoc

87 1850 107 1892 a
133 1838 256 1894 natura
286 1831 333 1894 rei
366 1831 512 1894 alienum
545 1850 623 1892 eum
655 1831 728 1911 ipsa
758 1831 948 1912 argumenti
978 1830 1165 1892 acerbitate
1189 1828 1290 1892 solito

88 1952 201 2032 magis
223 1959 433 2015 commotum
454 1961 489 2013 et
508 1951 582 2014 aliis
601 1970 698 2014 usum
719 1969 792 2013 esse
812 1950 975 2014 orationis
995 1947 1140 2012 flosculis
1157 1957 1192 2012 et
1208 1949 1288 2013 hoc:

89 2073 145 2151 ,in
181 2080 250 2134 tam
282 2081 441 2155 corrupta
472 2072 555 2134 urbe
588 2072 702 2134 vivere
735 2091 789 2133 me
820 2072 947 2145 taedet,
981 2070 1134 2152 migrabo
1168 2071 1202 2134 in
1234 2090 1289 2132 rus

85 2192 230 2274 aliquod
254 2191 362 2254 solum
386 2200 421 2254 et
445 2190 649 2266 desertum”;
674 2192 755 2273 quin
776 2191 879 2254 etiam
901 2189 1028 2272 fingere
1048 2209 1185 2272 possum
1206 2199 1288 2253 stre·

87 2331 197 2374 nuum
227 2311 321 2374 illum
352 2321 522 2374 oratorem
554 2311 587 2372 in
621 2311 686 2374 fine
717 2311 907 2373 sententiae
936 2310 1130 2386 surrexisse,
1154 2310 1287 2386 abiisse,

86 2430 208 2493 valvas
230 2431 342 2494 curiae
365 2451 434 2494 non
459 2431 531 2493 sine
555 2449 680 2512 magno
704 2431 846 2512 strepitu
872 2429 1054 2511 impulisse,
1079 2431 1137 2492 sed
1160 2430 1287 2512 fingere

85 2570 161 2613 non
192 2569 340 2632 possum,
367 2551 395 2612 si
427 2551 475 2612 sic
506 2569 617 2612 resse
641 2549 770 2624 habuit,
796 2551 904 2632 ipsum
930 2549 1011 2614 illud
1034 2550 1182 2613 abeundi
1208 2571 1287 2613 con-

83 2668 201 2732 silium
233 2676 268 2732 et
298 2689 318 2732 a
349 2669 562 2738 senatoribus
592 2678 627 2731 et
658 2689 679 2731 a
706 2667 845 2731 Tiberio
869 2678 1044 2751 tamquam
1068 2671 1192 2732 serium
1216 2678 1286 2732 tarn

82 2790 238 2872 graviter
263 2798 452 2874 acceptum.
478 2789 550 2853 Aut
574 2789 732 2872 denique,
757 2790 783 2852 si
805 2790 870 2853 hoc
889 2809 1025 2872 quoque
1047 2789 1183 2865 sactum,
1205 2789 1286 2853 nihil

83 2908 220 2972 facilius
250 2918 322 2972 erat
354 2929 456 2992 quam
490 2907 623 2991 placare
655 2909 787 2972 iratum.
821 2909 942 2972 Dicere
972 2918 1108 2992 poterat
1130 2909 1287 2972 Tiberius

83 3029 155 3092 sibi
180 3029 310 3112 optime
335 3029 378 3091 de
402 3029 576 3111 republica
600 3029 755 3092 meritum
781 3030 888 3092 videri
915 3031 1081 3106 Pisonem,
1106 3031 1164 3113 qui
1189 3039 1286 3095 tanto

82 3149 212 3212 ardore
245 3149 278 3210 in
309 3157 488 3230 corruptos
519 3157 608 3212 esset
639 3148 793 3211 invectus
825 3169 945 3225 moreS,
979 3159 1114 3233 poterat
1146 3152 1179 3214 in
1211 3172 1286 3216 eam

82 3269 294 3331 sententiam
312 3267 383 3331 fieri
399 3267 739 3331 senatusconsultum.
753 3267 882 3331 Verum
898 3269 980 3332 nihil
988 3271 1159 3334 eiusmodi
1173 3274 1285 3336 dicere

83 3388 144 3452 vel
176 3389 370 3463 decernere,
402 3388 462 3451 sed
495 3397 614 3470 putare
639 3388 777 3450 mitibus
802 3389 913 3452 verbis
938 3390 990 3454 vel
1015 3392 1284 3474 propinquorum

80 3509 292 3572 auctoritate
330 3509 529 3592 precibusve
564 3527 584 3570 a
619 3508 797 3590 proposito
832 3509 1018 3572 abductum
1053 3512 1091 3572 iri
1128 3512 1283 3576 Pisonem
1375 3525 1378 3531 '

83 3627 232 3692 stultitia
263 3636 335 3690 erat
474 3636 565 3691 certe
597 3628 623 3689 si
655 3635 729 3690 tota
762 3627 844 3691 haec
877 3648 929 3690 res
962 3628 1008 3690 ita
1039 3650 1075 3690 se
1103 3629 1222 3694 habuit
1247 3640 1283 3692 ut

82 3749 228 3812 Tacitus
248 3756 371 3824 narrat,
392 3748 484 3830 quod
506 3748 588 3810 mihi
605 3767 672 3810 non
690 3747 786 3810 facile
800 3747 1067 3829 persuadebitur.
1084 3749 1155 3811 Nisi
1170 3749 1281 3813 Pisoni

83 3869 225 3953 propria
244 3870 413 3950 quaedam
433 3867 495 3931 suit
515 3877 550 3931 et
571 3868 749 3950 peculiaris
764 3886 863 3929 causa
876 3887 934 3929 cur
947 3867 994 3930 sic
1007 3876 1133 3949 ageret,
1147 3870 1282 3952 ineptus

83 3991 158 4072 ipse
183 3987 256 4064 suit,
280 3990 339 4052 sed
364 3988 540 4070 aliquanto
564 3988 747 4070 ineptiores
771 3985 926 4048 Tiberius
950 3995 1201 4070 senatoresque,
1223 3991 1281 4071 qui

83 4129 162 4172 eum
189 4109 334 4171 retinere
359 4107 413 4170 vel
437 4108 597 4171 reducere
621 4108 688 4170 sint
713 4105 837 4169 conati.
862 4104 898 4169 Si
922 4105 1069 4189 legerem
1094 4109 1241 4171 derisum
1262 4128 1281 4171 a

81 4229 299 4320 senatoribus
322 4228 479 4290 Pisonem
504 4236 643 4310 propter
668 4226 806 4288 nimiam
831 4225 1093 4302 vehementiam,
1112 4227 1180 4291 iam
1202 4247 1281 4290 con·

80 4359 173 4414 stare
207 4347 288 4411 mihi
321 4349 367 4411 rei
401 4357 554 4412 narratae
586 4347 756 4410 videretur
788 4345 884 4408 ratio.
909 4343 977 4410 Sed
1001 4346 1068 4409 alio
1094 4356 1280 4410 monstrare

82 4472 244 4535 videntur
268 4469 351 4532 haec
375 4469 479 4532 verba
502 4468 523 4531 l.
541 4467 602 4542 IV,
618 4487 646 4530 c.
665 4482 703 4529 21
736 4474 869 4546 ,actum
889 4466 1012 4529 dehinc
1033 4468 1075 4529 de
1097 4465 1280 4548 Calpurnio
