3258 5240
698 452 733 519 51

120 623 173 677 est
202 616 381 692 sententia,
406 618 499 692 cuius
524 637 710 680 memorem
736 636 808 680 esse
833 617 931 680 decet
956 635 1233 698 unumquemque
1257 616 1315 698 qui

120 733 244 798 Tacito
265 735 324 798 dat
343 757 494 818 operam,
514 738 702 800 dummodo
724 757 766 800 ne
787 757 935 818 unquam
956 756 996 799 ea
1014 743 1129 798 utatur
1140 733 1183 796 ad
1197 741 1316 816 aperta

95 854 293 936 nimiaque
327 855 380 917 vel
409 857 515 937 ipsius
546 855 655 918 Taciti
681 855 734 918 vel
758 856 969 918 librariorum
993 855 1076 918 vitia
1100 852 1315 917 defendenda

120 973 175 1034 vel
204 974 407 1036 excusanda.
433 972 523 1054 Quid
548 975 638 1037 enim
663 983 733 1037 tam
758 983 809 1036 est
832 975 1016 1037 absurdum
1041 973 1133 1054 quod
1158 993 1226 1036 non
1252 973 1315 1036 hac

120 1092 253 1155 ratione
274 1113 392 1155 sanum
412 1093 649 1176 integrumque
670 1093 776 1156 videri
796 1091 924 1176 possit?
944 1093 999 1154 Ex
1011 1091 1177 1173 exemplis
1189 1100 1313 1166 autem,

120 1231 210 1293 quae
238 1210 424 1274 Pfrtznerus
447 1211 555 1288 affert,
581 1213 728 1275 maxime
752 1213 882 1295 insigne
907 1211 1051 1287 videtur,
1075 1211 1168 1294 quod
1193 1211 1316 1294 legitur

119 1328 166 1392 A.
200 1329 296 1405 XIV,
327 1349 389 1410 44:
422 1350 532 1412 neque
565 1330 762 1393 incredibile
793 1337 845 1392 est
876 1330 930 1393 hic
961 1349 1077 1392 verum
1111 1330 1313 1394 Pfitznerum

119 1449 256 1510 vidisse.
282 1447 381 1512 Certe
405 1450 489 1512 mira
513 1457 565 1511 est
589 1437 647 1511 ibi'
660 1457 694 1512 et
718 1457 875 1512 contorta
899 1449 1018 1524 orati0,
1043 1469 1153 1532 neque
1178 1469 1314 1532 corrup·

118 1577 194 1630 turn
230 1589 303 1631 esse
337 1568 450 1632 locum
485 1569 665 1632 verisimile
702 1577 771 1632 est:
803 1569 868 1632 hoc
899 1569 989 1632 enirn
1020 1569 1077 1652 qui
1108 1579 1315 1652 putaverunt

118 1687 243 1750 frustra
274 1689 307 1750 in
339 1689 557 1751 emendando
581 1709 622 1752 eo
647 1690 864 1752 desudarunt.
890 1690 923 1751 Is
945 1697 1060 1752 autem
1085 1690 1142 1770 qui
1166 1688 1315 1770 loquitur
1341 1760 1344 1766 ¹

118 1829 166 1870 ex
192 1828 234 1870 eo
266 1829 390 1892 genere
417 1818 468 1872 est
492 1810 666 1872 hominum
693 1829 778 1892 quos
801 1809 945 1872 obscure
970 1817 1194 1890 contorteque
1219 1808 1311 1890 loqui

119 1947 190 1990 non
223 1928 322 1990 nimis
353 1928 523 1991 miremur.
551 1928 695 2004 CassiuS,
726 1929 847 1991 doctus
879 1926 1132 1990 iurisconsultus
1164 1936 1198 1990 et
1229 1929 1314 1991 anti·

118 2048 268 2128 quarius,
311 2056 465 2110 extrema
504 2068 576 2110 esse
613 2049 777 2111 utendum
813 2049 975 2110 adversus
1009 2067 1134 2122 servoS,
1170 2067 1313 2128 quorum

119 2166 252 2229 domini
280 2175 359 2230 sunt
383 2169 494 2242 occisi,
519 2169 700 2231 severitate
725 2167 838 2230 multis
862 2168 1069 2250 argumentis
1093 2166 1150 2229 ubi
1175 2168 1314 2231 demon·

118 2287 252 2360 stravit,
276 2294 450 2369 postremo
475 2287 558 2350 haec
583 2287 696 2350 addit:

171 2403 286 2484 ,Servi
310 2405 336 2468 si
362 2406 518 2487 prodant,
540 2426 718 2488 possumus
738 2405 968 2489 singuli-inter
992 2405 1114 2487 plures,
1138 2406 1203 2468 tuti
1227 2407 1315 2468 inter

117 2525 252 2600 anxios,
277 2533 450 2606 postremo
473 2525 500 2586 si
526 2527 736 2606 pereundum
761 2525 897 2588 sitnon
922 2525 1018 2588 inulti
1043 2525 1131 2588 inter
1151 2533 1314 2588 nocentes

117 2643 257 2726 agere”.

166 2763 354 2845 Corruptus
385 2763 478 2826 locus
509 2763 600 2826 visus
630 2773 682 2826 est
710 2763 931 2846 Nipperdeio,
956 2764 1015 2826 sed
1040 2762 1186 2825 lectione
1210 2782 1312 2843 quam
1390 2841 1393 2847 Ι

117 2881 177 2945 ille
209 2883 403 2963 proposuit:
440 2883 563 2962 „servis
594 2883 621 2944 si
645 2883 856 2964 pereundum
879 2882 933 2957 sit,
958 2883 991 2945 ni
1016 2882 1173 2963 prodant,
1199 2901 1314 2964 possu-

119 3021 197 3064 mus
231 3002 352 3084 singuli
388 3003 477 3064 inter
510 3001 633 3083 plures,
664 3003 728 3064 tuti
761 3002 849 3064 inter
878 3002 1008 3076 anxios,
1041 3009 1214 3083 postremo
1246 3020 1313 3064 non

117 3121 219 3185 inulti
244 3122 332 3183 inter
355 3130 517 3184 nocentes
540 3121 673 3204 agerc”,
698 3121 804 3184 nihilo
828 3121 865 3183 fit
889 3121 1097 3203 expedition
1123 3141 1201 3184 nam
1221 3122 1313 3202 quod

118 3240 398 3304 molestissimum
421 3249 472 3302 est
492 3248 661 3303 remanet:
684 3239 718 3316 et
739 3241 772 3302 in
793 3261 882 3303 nova
901 3239 1048 3303 lectione
1069 3240 1103 3303 et
1123 3243 1156 3304 in
1179 3240 1315 3324 vulgata

116 3381 223 3442 agere
254 3361 412 3423 dicuntur
442 3367 512 3421 tarn
545 3359 673 3422 domini
706 3357 762 3434 illi,
794 3361 851 3441 qui
884 3361 977 3423 domi
1009 3381 1088 3424 suae
1112 3370 1189 3423 sunt
1213 3362 1314 3423 inter-

117 3479 213 3554 secti,
234 3499 336 3561 quam
357 3479 460 3542 ceteri
480 3499 609 3541 omnes.
632 3479 750 3542 Notati
771 3499 852 3560 crgo
873 3479 927 3542 hic
948 3501 968 3542 a
987 3480 1108 3542 Tacito
1123 3480 1314 3542 intricatam

115 3599 362 3680 horridamque
398 3597 503 3662 Cassii
538 3599 727 3661 orationem
763 3598 948 3661 Pfitznerus
983 3605 1098 3661 censet
1128 3633 1172 3642 —
1204 3617 1315 3678 neque

116 3719 264 3782 sortasse
298 3718 436 3780 iniuria:
472 3725 563 3779 certe
601 3717 680 3779 mihi
717 3717 799 3780 nihil
835 3718 869 3780 in
905 3724 1054 3778 mentem
1091 3715 1184 3777 venit
1220 3714 1313 3796 quod

116 3837 243 3902 melius
267 3837 432 3900 videatur.

165 3956 235 4021 Sed
270 3957 297 4020 si
332 3955 472 4018 omnino
508 3976 625 4018 verum
661 3965 712 4020 est
747 3957 837 4038 quod
872 3954 1058 4018 Pfrtznerus
1088 3953 1208 4016 statuit
1238 3955 1315 4037 (ego

112 4077 211 4140 enirn
238 4074 359 4138 dubito
383 4075 509 4156 etiam),
531 4075 672 4139 sortasse
693 4095 796 4139 unum
816 4075 934 4138 afferre
954 4074 1066 4138 locum
1087 4095 1236 4158 possum,
1257 4075 1314 4138 ubi

111 4196 177 4260 fiat
212 4194 311 4258 illud:
334 4195 391 4257 ,ibi
415 4203 530 4258 autern
554 4205 589 4258 et
614 4216 666 4258 res
689 4197 732 4258 de
756 4215 823 4276 qua
846 4196 957 4277 agitur
981 4204 1015 4258 et
1039 4197 1066 4259 is
1090 4196 1147 4278 qui
1172 4195 1315 4276 loquens

110 4315 292 4379 inducitur
311 4314 478 4377 eiusmodi
498 4323 575 4378 sunt
596 4324 633 4378 ut
652 4315 799 4397 suspicio
819 4313 875 4377 illa
896 4334 962 4378 non
983 4316 1082 4378 nimis
1094 4315 1194 4397 longe
1208 4314 1315 4396 petita

110 4434 227 4498 videri
253 4434 371 4516 possit.
396 4433 439 4495 A.
461 4433 521 4508 XI,
543 4451 594 4514 31·
620 4433 787 4497 Omnibus
811 4434 921 4496 modis
941 4433 1107 4510 Callistus,
1130 4435 1314 4506 Narcissus,
