3258 5240
900 440 941 520 56

319 641 387 684 uno
418 621 548 703 reliquo
579 622 693 704 stirpis
726 621 847 704 regiae,
880 623 937 703 qui
968 623 1060 705 apud
1085 622 1204 685 urbem
1229 622 1429 698 habebatur,
1454 642 1510 685 no·
1617 619 1618 640 ¹

321 740 410 802 mine
446 740 582 803 Italicus
697 739 803 823 Igitur
838 739 961 804 Caesar
993 741 1169 824 Augustus
1200 743 1355 824 pecunia,
1386 742 1510 805 additis
1617 819 1618 852 r

319 859 550 940 stipatoribus,
582 860 736 922 hortatur
762 860 888 942 gentile
912 861 1016 924 decus
1040 881 1164 944 magno
1187 861 1302 924 animo
1326 881 1512 944 capessere.

365 977 421 1043 Sic
453 979 637 1055 Mediceus,
661 982 723 1044 nisi
747 982 840 1063 quod
865 981 1011 1044 nominis
1034 982 1210 1065 Augustus
1232 1003 1248 1044 s
1273 981 1373 1045 finale
1397 1003 1416 1046 e
1441 1002 1510 1045 cor·

256 1121 260 1128 ·
322 1100 473 1162 rectione
498 1109 616 1163 natum
640 1110 702 1164 est.

366 1221 404 1282 In
425 1220 632 1283 editionibus
651 1221 836 1284 rectissime
856 1240 945 1283 nunc
965 1221 1088 1302 legitur
1107 1235 1249 1295 auctum,
1267 1220 1328 1284 sed
1342 1221 1512 1304 praeclara

322 1338 405 1402 haec
429 1340 624 1402 coniectura
724 1341 869 1403 debetur
891 1339 1001 1402 codici
1026 1339 1193 1404 Gudiano.

366 1458 458 1521 Ann.
481 1459 540 1534 XI,
566 1461 613 1522 18.
636 1459 774 1534 Chauci,
794 1458 889 1522 milia
909 1459 1119 1523 dissensione
1139 1460 1232 1523 domi
1251 1468 1286 1524 et
1305 1469 1415 1523 morte
1431 1459 1511 1524 San-

322 1579 427 1660 quinii
451 1578 588 1655 alacres,
613 1580 694 1642 dum
719 1578 866 1643 Corbulo
887 1580 1061 1654 adventat,
1082 1578 1275 1642 inferiorem
1296 1578 1511 1642 Germaniam

321 1699 545 1762 incursavere.
563 1698 634 1763 sic
667 1698 857 1774 Mediceus;
891 1699 1075 1775 rectissime
1102 1699 1178 1761 cod.
1203 1698 1291 1762 Gud.
1316 1697 1419 1773 nulla,
1444 1699 1513 1761 sive

322 1817 414 1898 quod
441 1818 474 1879 in
498 1818 684 1900 exemplari
705 1819 777 1881 eius
795 1818 877 1882 illud
898 1817 971 1894 Iuit,
991 1818 1062 1881 sive
1082 1818 1175 1900 quod
1196 1818 1303 1882 critici
1323 1819 1405 1881 satis
1425 1819 1513 1881 acuti

324 1956 461 1999 manum
486 1946 647 2020 expertus
671 1939 725 2000 hic
749 1947 811 2013 est,

368 2056 459 2120 Amr.
493 2057 552 2132 XI,
586 2073 638 2121 20.
672 2056 832 2139 (Corbulo
863 2056 976 2120 subito
999 2077 1019 2119 e
1042 2056 1156 2119 medio
1183 2056 1300 2119 labore
1324 2057 1513 2138 revocatus)

323 2175 406 2238 nihil
427 2175 517 2238 aliud
538 2175 734 2259 prolocutus
753 2196 856 2258 quam
875 2177 996 2239 beatos
1015 2176 1189 2256 quondam
1209 2176 1314 2239 duces
1330 2175 1512 2250 Romanos,

323 2295 456 2376 signum
483 2297 634 2378 receptui
659 2296 764 2358 dedit.
796 2294 840 2359 Vi
858 2303 974 2357 tamen
1001 2294 1097 2357 miles
1120 2295 1227 2358 otium
1252 2304 1403 2370 exueret,
1428 2294 1514 2357 inter

325 2415 458 2478 Mosam
484 2415 710 2498 Rhenumque
734 2413 853 2477 XXIII
880 2414 1008 2476 milium
1030 2413 1142 2496 spatio
1167 2411 1291 2476 fossam
1316 2413 1485 2495 perduxit.

371 2536 409 2597 In
433 2536 534 2599 codd.
563 2533 827 2614 „deterioribus”
853 2553 932 2596 vera
955 2533 1057 2596 lectio
1081 2545 1118 2596 ut
1141 2533 1322 2595 invenitur.

369 2654 462 2717 Ann.
488 2654 565 2728 XII,
590 2670 644 2737 47.
669 2653 757 2736 (Rex
789 2652 1006 2715 Mithridates
1029 2652 1073 2715 ab
1096 2651 1291 2715 adversario
1315 2673 1377 2734 per
1400 2651 1516 2715 dolum
1617 2683 1618 2700 .

325 2775 546 2858 prehenditur
570 2783 604 2837 et
630 2774 796 2855 vincitur).
823 2773 875 2836 Ac
899 2773 1077 2855 compede,
1101 2773 1194 2855 quod
1214 2773 1423 2836 dedecorum
1443 2773 1519 2835 bar-

325 2895 414 2958 baris
431 2893 462 2977 ¹),
483 2894 698 2969 trahebatur;
719 2913 796 2956 mox
815 2893 894 2975 quia
907 2889 930 2975 ²)
952 2892 1081 2974 vulgus
1099 2893 1184 2955 duro
1197 2893 1340 2975 Imperio
1354 2892 1517 2966 habitum,

326 3015 450 3098 probra
473 3033 512 3076 ac
537 3013 678 3076 verbera
701 3012 910 3088 intentabat,
935 3021 970 3074 et
994 3021 1090 3075 erant
1113 3020 1232 3075 contra
1256 3013 1314 3094 qui
1338 3032 1368 3074 e.
1382 3033 1415 3094 q.
1429 3033 1454 3074 s.

371 3133 502 3196 Locum
534 3133 768 3214 perturbatum
799 3133 833 3195 in
866 3132 1019 3194 ordinem
1051 3131 1174 3213 redigit
1204 3132 1316 3194 codex
1343 3130 1517 3194 Gudianus

327 3253 524 3336 praebendo
548 3273 695 3340 moxque.

370 3372 462 3435 Ann.
487 3371 583 3446 XIII,
608 3372 638 3434 8.
660 3369 827 3434 Corbulo.
842 3418 850 3432 .
865 3417 872 3432 .
886 3389 1029 3452 corpore
1048 3371 1177 3451 ingens,
1198 3369 1311 3432 verbis
1330 3369 1519 3454 magrrfficis

325 3502 361 3556 et
390 3513 492 3577 super
523 3492 769 3574 experientiam
799 3491 1070 3572 sapientiamque
1102 3490 1205 3552 etiam
1228 3489 1342 3571 specie
1366 3489 1518 3552 inanium

326 3612 467 3676 validus.

372 3732 456 3794 Mihi
481 3731 588 3794 multo
612 3739 783 3814 praestare
804 3729 1010 3792 deteriorum
1034 3728 1136 3792 lectio
1157 3729 1354 3813 magnificus
1374 3728 1521 3792 videtur.

326 3851 427 3916 Certe
447 3872 514 3914 uon
534 3851 613 3913 ideo
633 3849 817 3913 reiicienda
836 3857 887 3911 est
907 3849 995 3930 quod
1011 3849 1045 3910 in
1066 3848 1226 3911 deteriori
1242 3848 1360 3911 codice
1377 3846 1521 3930 legatur.

371 3970 462 4032 Ann.
488 3970 583 4044 XIII,
610 3970 660 4032 26.
686 3970 737 4051 (In
766 3977 886 4032 senatu
910 3988 987 4030 cum
1010 3977 1167 4049 ageretur
1191 3967 1233 4030 de
1258 3967 1397 4050 ingratis
1420 3966 1525 4029 liber-

326 4089 380 4164 tis,
412 4097 447 4151 et
473 4089 611 4168 quidam
636 4097 812 4151 censerent
836 4088 988 4170 patronis
1011 4087 1163 4150 dandum
1187 4106 1260 4150 esse
1284 4087 1334 4150 ius
1358 4087 1391 4149 in
1417 4088 1524 4149 servi-

331 4223 525 4233 ,--.--

366 4289 391 4356 1)
410 4289 478 4338 Satis
501 4288 591 4351 inepte
616 4286 704 4337 addita
728 4288 791 4338 haec
816 4296 891 4338 suut:
917 4304 950 4337 au
976 4303 1038 4351 ergo
1062 4286 1133 4350 apud
1152 4286 1265 4336 Graecos
1285 4286 1471 4350 Romanosque
1491 4288 1523 4336 in

325 4376 426 4426 honore
445 4373 511 4423 iilud
530 4373 651 4438 ponitur?

363 4465 390 4532 2)
409 4465 440 4515 Iu
461 4465 531 4514 Med.
549 4473 602 4514 est:
622 4481 681 4515 mox
703 4469 753 4531 qa,
771 4465 870 4515 lineola
889 4465 997 4515 fortasse
1017 4471 1077 4529 post
1095 4463 1210 4528 appicta.
