3228 5236
906 425 967 487 186

340 605 479 668 miscere
511 605 544 665 in
577 603 685 666 vicem
717 602 865 678 consilia,
897 591 976 666 dein
1008 623 1182 686 separare;
1211 604 1395 686 aliquando
1420 605 1532 688 frangi

338 732 478 807 aspectu
502 725 682 806 pignorum
705 743 852 798 suorum,
876 725 1011 807 saepius
1030 724 1227 788 concitari.”
1251 725 1340 788 Turn
1360 728 1535 808 sequitur:

386 841 563 924 „Satisque
586 843 765 906 constabat
789 843 935 906 saevisse
959 845 1126 925 quosdam
1152 843 1185 906 in
1205 845 1367 926 coniuges
1388 865 1427 908 ac
1449 845 1536 908 libe-

342 983 407 1040 ros
431 972 606 1046 tamquam
631 962 900 1026 misererentur.”
931 963 1006 1038 Hic,
1033 971 1069 1026 ut
1093 965 1225 1046 opinor,
1250 985 1318 1028 non
1343 974 1394 1028 est
1419 985 1537 1029 sermo

340 1085 383 1147 de
419 1083 627 1158 hominibus,
660 1083 717 1164 qui
754 1091 873 1165 postea
907 1081 1019 1146 locum
1054 1081 1159 1146 cladis
1195 1083 1412 1166 inspicientes
1449 1085 1536 1150 illud

338 1203 512 1267 effecerint
543 1223 562 1265 e
593 1222 773 1285 corporum
807 1202 941 1278 habitu;
974 1201 1020 1266 illi
1051 1203 1142 1265 enim
1175 1204 1231 1284 qui
1265 1203 1406 1269 fuissent
1438 1205 1533 1269 haud

339 1324 441 1387 dubie
465 1322 660 1386 tradidisset
684 1321 831 1386 Tacitus.
869 1321 936 1386 Sed
962 1321 1063 1384 resert
1087 1322 1168 1403 quid
1192 1324 1265 1405 ipse
1289 1325 1414 1387 efficiat
1436 1345 1456 1388 e
1477 1348 1534 1389 ru·

338 1443 487 1508 moribus
510 1461 596 1524 quos
619 1443 690 1525 ipse
714 1443 894 1525 acceperit.
927 1442 1022 1523 Lege
1044 1460 1126 1523 ergo
1148 1442 1293 1524 satisque
1315 1455 1450 1508 constat.

383 1563 482 1627 Alter
505 1583 534 1625 c.
555 1581 608 1644 43.
633 1560 742 1641 „Satis
760 1561 941 1624 constabat
961 1561 1051 1624 lecto
1071 1567 1279 1625 testamento
1291 1561 1474 1645 Agricolae
1486 1601 1534 1611 -

338 1685 502 1749 laetatum
527 1683 796 1766 (Domitianum).
821 1682 842 1744 i.
855 1701 885 1744 e.
913 1701 975 1762 „ex
998 1681 1038 1744 iis
1062 1680 1163 1744 rebus
1183 1700 1270 1762 quae
1291 1681 1374 1744 mihi
1396 1703 1536 1748 narran-

339 1814 395 1868 tur
426 1811 648 1883 narrataeque
678 1810 766 1876 sunt,
797 1821 862 1883 ego
892 1821 976 1864 nunc
1005 1799 1139 1881 efficio.”
1171 1800 1385 1865 Habebimus
1414 1802 1479 1866 hoc
1506 1806 1535 1867 si

340 1935 468 1988 constat
491 1923 680 2005 legerimus.

387 2041 474 2106 Sunt
505 2061 585 2123 ergo
619 2057 661 2124 29
684 2047 759 2104 toto
783 2058 886 2122 opere
911 2036 1053 2102 Taciteo
1077 2037 1141 2100 loci
1167 2037 1224 2101 ubi
1247 2051 1383 2128 constat,
1408 2054 1537 2105 consta-

342 2163 408 2237 bat,
432 2162 577 2225 constitit
595 2159 736 2241 legatur.
759 2158 887 2220 Eorum
906 2164 1052 2238 quatuor
1071 2177 1143 2220 esse
1163 2166 1342 2240 corruptos
1358 2166 1392 2222 et
1409 2161 1537 2224 eodem

344 2283 449 2346 modo
473 2280 643 2344 sanandos
665 2277 814 2341 clamant
838 2276 915 2352 XII,
941 2275 1054 2358 aliquo
1079 2275 1182 2340 modo
1205 2284 1373 2341 testantur
1397 2278 1495 2343 XIII.
