3258 5240
898 403 941 486 36

321 579 493 645 delemus?
513 582 601 644 Tum
621 583 712 645 enim
734 582 880 647 Serenus
893 581 1089 667 provocabit
1107 580 1223 663 filium,
1243 581 1291 643 sic
1311 579 1396 642 lere:
1414 577 1514 660 ,quid

320 702 432 764 verbis
452 723 538 785 opus
556 700 629 765 est?
650 703 750 766 rebus
770 712 804 766 et
824 702 922 766 lactis
940 721 1096 785 agamus:
1119 702 1226 784 prode
1246 699 1330 763 alios
1342 699 1515 762 conscios!

320 819 377 884 An
409 819 474 883 hoe
507 821 675 884 iudicibus
704 832 739 885 te
764 841 999 906 persuasurum
1025 831 1124 904 putas
1147 822 1181 884 in
1205 829 1277 883 tam
1300 819 1441 902 ancipiti
1464 838 1516 880 ar·

271 957 274 966 ¹
320 940 456 1022 duoque
492 943 631 1023 negotio
664 962 718 1004 me
750 963 853 1006 unum
885 951 1019 1005 tantum
1051 941 1208 1005 habuisse
1241 936 1434 1003 conscium?
1466 937 1517 1000 At

322 1061 466 1144 prodere
479 1060 563 1125 alios
575 1083 643 1124 non
653 1061 812 1145 poteris'’.
823 1061 922 1124 Nunc
931 1081 1068 1143 quoque
1077 1061 1282 1144 intelligendi
1289 1059 1430 1122 verbum
1440 1077 1518 1120 eam

322 1180 426 1245 habet
451 1183 519 1246 vim
544 1202 648 1263 quarn
668 1201 770 1266 supra
789 1183 904 1244 monui
926 1183 957 1245 ei
977 1183 1097 1245 inesse.
1118 1180 1223 1264 (Belg.
1242 1181 1283 1244 de
1295 1180 1406 1264 prees
1419 1190 1459 1261 op
1477 1178 1519 1241 de

320 1320 389 1363 som
409 1321 519 1364 nemen
539 1309 574 1364 et
595 1301 730 1364 novicio
750 1301 901 1365 omnium
922 1301 1127 1384 populorum
1148 1301 1253 1364 verbo
1274 1299 1517 1380 constateeren).

364 1419 414 1483 At
438 1439 525 1501 quae
549 1420 593 1482 de
617 1419 692 1502 lege
714 1420 818 1503 Papia
839 1420 999 1504 Poppaea
1019 1421 1283 1503 criminibusque
1305 1440 1349 1482 ex
1370 1419 1520 1482 canatis

322 1538 378 1620 (A.
411 1539 471 1614 ΙΙΙ,
506 1542 559 1622 25)
585 1549 698 1604 narrat
723 1540 871 1616 Tacitus,
897 1542 1063 1604 eiusmodi
1088 1549 1176 1617 sunt,
1202 1549 1239 1603 ut
1262 1549 1336 1603 tota
1360 1558 1412 1602 res
1435 1559 1520 1620 quo-

323 1658 427 1720 modo
457 1678 575 1722 revera
606 1680 642 1723 se
675 1659 832 1722 habuerit
860 1670 975 1724 nostro
999 1659 1235 1743 exputandum
1259 1660 1396 1740 Ingenio
1421 1656 1522 1720 relin-

325 1785 457 1858 quatur,
477 1778 580 1859 idque
603 1798 671 1841 non
692 1777 816 1841 librarii
838 1779 937 1864 culpa
954 1780 1014 1842 sed
1027 1781 1106 1862 quia
1120 1780 1191 1862 ipse
1205 1779 1383 1842 historicus
1397 1797 1522 1858 vagum

330 1898 569 1960 tantummodo
604 1898 737 1980 accepit
768 1919 948 1975 rumorem,
980 1919 1081 1981 quem
1113 1899 1160 1962 ita
1192 1898 1370 1962 exornavit
1401 1905 1438 1959 ut
1469 1915 1524 1958 res

330 2035 432 2098 quam
456 2018 666 2081 atrocissima
689 2019 860 2081 evaderet.

374 2135 532 2198 Relatum
553 2137 676 2200 deinde
698 2139 740 2200 de
763 2139 972 2200 moderanda
992 2137 1096 2221 Papia
1111 2139 1281 2220 Poppaea,
1294 2158 1397 2219 quarn
1409 2139 1524 2198 senior

328 2253 504 2335 Augustus
527 2264 605 2337 post
629 2256 730 2320 Iulias
754 2257 948 2338 rogationes
971 2258 1152 2320 incitandis
1168 2256 1188 2340 ¹)
1214 2257 1381 2319 caelibum
1402 2256 1523 2339 poenIs

328 2381 363 2436 et
382 2374 539 2454 augendo
559 2375 688 2438 aerario
707 2385 876 2439 sanxerat.
899 2376 970 2439 Nec
991 2377 1068 2437 ideo
1085 2376 1242 2458 coniugia
1255 2384 1289 2438 et
1301 2375 1523 2437 educationes

327 2491 509 2555 liberorum
533 2491 845 2575 frequentabantur,
868 2494 1063 2577 praevalida
1083 2495 1244 2558 orbitate:
1266 2501 1416 2557 ceterum
1437 2490 1524 2554 mul-

329 2611 441 2674 titudo
465 2612 728 2695 periclitantium
752 2614 926 2694 gliscebat,
951 2634 1028 2676 cum
1052 2615 1162 2676 omnis
1186 2616 1307 2677 domus
1330 2612 1523 2674 delatorum

330 2731 667 2814 interpretationibus
702 2733 964 2815 subverteretur,
995 2743 1100 2816 utque
1131 2733 1275 2796 antehac
1308 2730 1443 2813 flagitiis
1473 2730 1523 2792 ita

329 2857 411 2912 tunc
435 2837 566 2931 legibu's
589 2851 815 2914 laborabatur.

376 2968 421 3031 Et
445 2978 524 3052 post
547 2968 682 3052 longam
707 2972 951 3052 digressionem
975 2993 1004 3035 c.
1030 2972 1087 3034 28:

374 3086 517 3152 Acriora
541 3109 585 3152 ex
608 3111 649 3152 eo
673 3090 817 3166 vincula,
842 3092 942 3154 inditi
966 3093 1125 3155 custodes
1149 3101 1183 3155 et
1206 3091 1280 3173 lege
1305 3091 1409 3173 Papia
1434 3091 1523 3171 Pop-

329 3226 414 3289 paea
438 3209 596 3289 praemiis
615 3209 753 3284 inducti,
776 3219 813 3272 ut
832 3212 859 3273 si
880 3231 899 3274 a
920 3212 1103 3294 privilegiis
1125 3220 1304 3295 parentum
1322 3218 1522 3284 cessaretur,

328 3326 420 3390 velut
453 3348 574 3410 parens
606 3331 759 3393 omnium
790 3331 935 3415 populus
966 3333 1123 3396 vacantia
1153 3339 1295 3394 teneret.
1328 3329 1396 3394 Sed
1420 3331 1523 3392 altius

328 3447 564 3528 penetrabant,
598 3449 784 3532 urbemque
813 3460 846 3514 et
872 3451 1014 3527 ltaliam,
1041 3460 1075 3514 et
1099 3451 1191 3533 quod
1217 3469 1358 3532 usquam
1383 3450 1522 3524 civium,

328 3567 569 3649 corripuerant,
602 3568 852 3652 multorumque
884 3571 987 3632 excisi
1019 3577 1136 3632 status.
1162 3569 1207 3632 Et
1231 3578 1339 3632 terror
1362 3568 1524 3631 omnibus

327 3686 569 3762 intentabatur,
602 3688 635 3749 ni
667 3687 823 3750 Tiberius
845 3688 1029 3751 statuendo
1053 3688 1203 3750 remedio
1227 3688 1376 3770 quinque
1400 3707 1523 3751 consu·

328 3805 457 3880 larium,
489 3808 639 3888 quinque
670 3826 689 3869 e
720 3809 906 3891 praetoriis,
936 3809 1082 3870 totidem
1106 3828 1124 3870 e
1147 3816 1263 3870 cetero
1286 3815 1405 3870 senatu
1429 3817 1524 3871 sorte

328 3926 490 3999 duxisset,
514 3933 596 4006 aput
621 3945 706 4006 quos
725 3927 869 3990 exsoluti
891 3928 1042 4011 plerique
1065 3926 1147 4010 legis
1166 3946 1274 3989 nexus
1294 3927 1466 3990 modicum
1485 3927 1524 3990 ln

327 4063 487 4125 praesens
511 4043 739 4106 levamentum
766 4044 868 4109 suere.

366 4237 391 4304 ι)
411 4239 568 4302 Corruptum
586 4253 643 4288 esse
662 4241 756 4304 opinor
774 4243 917 4292 incitandis
937 4257 1037 4307 proque
1057 4257 1088 4289 eo
1108 4241 1272 4291 intendendis
1291 4241 1431 4306 legendum
1449 4243 1479 4310 (i.
1498 4259 1524 4294 e.

328 4324 473 4390 augendis).
498 4323 538 4373 (ΣΙ.
565 4325 635 4374 Anu.
661 4327 708 4391 ΙΙΙ,
726 4341 741 4377 2
761 4329 813 4377 vim
829 4327 1015 4394 praefecturae
1034 4328 1157 4376 modicam
1177 4336 1254 4378 anteo
1274 4329 1397 4379 intendit.
1417 4329 1466 4394 IV,
1487 4331 1525 4380 26

323 4411 436 4474 gloriam
457 4410 580 4459 intendit.
600 4411 675 4478 XIII,
695 4426 729 4462 20
748 4415 829 4464 luxus
848 4415 989 4465 intendere.
