<?xml version="1.0" encoding="UTF-8"?>
<!DOCTYPE html PUBLIC "-//W3C//DTD XHTML 1.0 Transitional//EN"
    "http://www.w3.org/TR/xhtml1/DTD/xhtml1-transitional.dtd">
<html xmlns="http://www.w3.org/1999/xhtml" xml:lang="en" lang="en">
 <head>
  <title>
</title>
<meta http-equiv="Content-Type" content="text/html;charset=utf-8" />
  <meta name='ocr-system' content='tesseract 3.04.00' />
  <meta name='ocr-capabilities' content='ocr_page ocr_carea ocr_par ocr_line ocrx_word'/>
</head>
<body>
  <div class='ocr_page' id='page_1' title='image "./analectatacitea01hartgoog_0234.png"; bbox 0 0 3228 5236; ppageno 0'>
   <div class='ocr_carea' id='block_1_1' title="bbox 634 465 695 531">
    <p class='ocr_par' dir='ltr' id='par_1_1' title="bbox 634 465 695 531">
     <span class='ocr_line' id='line_1_1' title="bbox 634 465 695 531; baseline 0.016 -21"><span class='ocrx_word' id='word_1_1' title='bbox 634 465 695 531; x_wconf 86' lang='lat'><strong>223</strong></span> 
     </span>
    </p>
   </div>
   <div class='ocr_carea' id='block_1_2' title="bbox 70 627 1261 1550">
    <p class='ocr_par' dir='ltr' id='par_1_2' title="bbox 70 627 1261 1550">
     <span class='ocr_line' id='line_1_2' title="bbox 75 627 1260 711; baseline 0.005 -23"><span class='ocrx_word' id='word_1_2' title='bbox 75 627 186 702; x_wconf 80' lang='lat' dir='ltr'><strong>ferret,</strong></span> <span class='ocrx_word' id='word_1_3' title='bbox 223 629 302 692; x_wconf 89' lang='lat' dir='ltr'><strong>dein</strong></span> <span class='ocrx_word' id='word_1_4' title='bbox 338 629 493 711; x_wconf 90' lang='lat' dir='ltr'><strong>puniret,</strong></span> <span class='ocrx_word' id='word_1_5' title='bbox 526 638 698 704; x_wconf 87' lang='lat' dir='ltr'><strong>metuens,</strong></span> <span class='ocrx_word' id='word_1_6' title='bbox 731 649 831 711; x_wconf 89' lang='lat' dir='ltr'><strong>agere</strong></span> <span class='ocrx_word' id='word_1_7' title='bbox 863 638 898 692; x_wconf 87' lang='lat' dir='ltr'><strong>et</strong></span> <span class='ocrx_word' id='word_1_8' title='bbox 930 630 1077 693; x_wconf 84' lang='lat' dir='ltr'><strong>celerare</strong></span> <span class='ocrx_word' id='word_1_9' title='bbox 1109 630 1260 695; x_wconf 88' lang='lat' dir='ltr'><strong>statuit.’&#39;</strong></span> 
     </span>
     <span class='ocr_line' id='line_1_3' title="bbox 116 747 1261 834; baseline 0.003 -24"><span class='ocrx_word' id='word_1_10' title='bbox 116 747 163 810; x_wconf 89' lang='lat' dir='ltr'><strong>Ut</strong></span> <span class='ocrx_word' id='word_1_11' title='bbox 194 747 315 810; x_wconf 91' lang='lat' dir='ltr'><strong>horum</strong></span> <span class='ocrx_word' id='word_1_12' title='bbox 347 748 591 811; x_wconf 89' lang='lat' dir='ltr'><strong>vocabulorum</strong></span> <span class='ocrx_word' id='word_1_13' title='bbox 623 748 736 830; x_wconf 91' lang='lat' dir='ltr'><strong>aliqua</strong></span> <span class='ocrx_word' id='word_1_14' title='bbox 763 757 879 812; x_wconf 87' lang='lat' dir='ltr'><strong>tamen</strong></span> <span class='ocrx_word' id='word_1_15' title='bbox 904 758 1038 813; x_wconf 89' lang='lat' dir='ltr'><strong>constet</strong></span> <span class='ocrx_word' id='word_1_16' title='bbox 1062 751 1158 826; x_wconf 79' lang='lat' dir='ltr'><strong>ratic,</strong></span> <span class='ocrx_word' id='word_1_17' title='bbox 1184 760 1261 834; x_wconf 92' lang='lat' dir='ltr'><strong>post</strong></span> 
     </span>
     <span class='ocr_line' id='line_1_4' title="bbox 73 867 1259 951; baseline 0.005 -23"><span class='ocrx_word' id='word_1_18' title='bbox 73 867 257 949; x_wconf 78' lang='lat' dir='ltr'><strong>Agre&#39;ppinu</strong></span> <span class='ocrx_word' id='word_1_19' title='bbox 294 868 466 931; x_wconf 89' lang='lat' dir='ltr'><strong>distinctio</strong></span> <span class='ocrx_word' id='word_1_20' title='bbox 502 870 661 951; x_wconf 89' lang='lat' dir='ltr'><strong>ponenda</strong></span> <span class='ocrx_word' id='word_1_21' title='bbox 696 878 747 932; x_wconf 90' lang='lat' dir='ltr'><strong>est</strong></span> <span class='ocrx_word' id='word_1_22' title='bbox 783 870 899 944; x_wconf 86' lang='lat' dir='ltr'><strong>maior,</strong></span> <span class='ocrx_word' id='word_1_23' title='bbox 935 871 983 932; x_wconf 91' lang='lat' dir='ltr'><strong>ita</strong></span> <span class='ocrx_word' id='word_1_24' title='bbox 1018 880 1055 933; x_wconf 90' lang='lat' dir='ltr'><strong>ut</strong></span> <span class='ocrx_word' id='word_1_25' title='bbox 1088 883 1172 944; x_wconf 87' lang='lat' dir='ltr'><strong>erat,</strong></span> <span class='ocrx_word' id='word_1_26' title='bbox 1206 872 1259 934; x_wconf 86' lang='lat' dir='ltr'><strong>vel</strong></span> 
     </span>
     <span class='ocr_line' id='line_1_5' title="bbox 73 985 1260 1080; baseline 0.008 -34"><span class='ocrx_word' id='word_1_27' title='bbox 73 985 266 1050; x_wconf 76' lang='lat' dir='ltr'><em>versabatur</em></span> <span class='ocrx_word' id='word_1_28' title='bbox 292 996 405 1049; x_wconf 88' lang='lat' dir='ltr'><strong>mente</strong></span> <span class='ocrx_word' id='word_1_29' title='bbox 430 989 473 1049; x_wconf 91' lang='lat' dir='ltr'><strong>sit</strong></span> <span class='ocrx_word' id='word_1_30' title='bbox 496 989 735 1080; x_wconf 88' lang='lat' dir='ltr'><strong>supplendum.</strong></span> <span class='ocrx_word' id='word_1_31' title='bbox 761 987 828 1053; x_wconf 86' lang='lat' dir='ltr'><strong>Sed</strong></span> <span class='ocrx_word' id='word_1_32' title='bbox 853 989 901 1052; x_wconf 91' lang='lat' dir='ltr'><strong>sic</strong></span> <span class='ocrx_word' id='word_1_33' title='bbox 925 998 1092 1054; x_wconf 84' lang='lat' dir='ltr'><strong>structura</strong></span> <span class='ocrx_word' id='word_1_34' title='bbox 1112 993 1260 1055; x_wconf 87' lang='lat' dir='ltr'><strong>nascitur</strong></span> 
     </span>
     <span class='ocr_line' id='line_1_6' title="bbox 74 1105 1259 1191; baseline 0.007 -25"><span class='ocrx_word' id='word_1_35' title='bbox 74 1125 197 1184; x_wconf 88' lang='lat' dir='ltr'><strong>parum,</strong></span> <span class='ocrx_word' id='word_1_36' title='bbox 222 1105 345 1180; x_wconf 88' lang='lat' dir='ltr'><strong>hercle,</strong></span> <span class='ocrx_word' id='word_1_37' title='bbox 370 1115 513 1169; x_wconf 88' lang='lat' dir='ltr'><strong>venusta</strong></span> <span class='ocrx_word' id='word_1_38' title='bbox 536 1116 571 1169; x_wconf 90' lang='lat' dir='ltr'><strong>et</strong></span> <span class='ocrx_word' id='word_1_39' title='bbox 595 1108 716 1170; x_wconf 87' lang='lat' dir='ltr'><strong>Tacito</strong></span> <span class='ocrx_word' id='word_1_40' title='bbox 741 1129 876 1190; x_wconf 90' lang='lat' dir='ltr'><strong>prorsus</strong></span> <span class='ocrx_word' id='word_1_41' title='bbox 901 1110 1050 1191; x_wconf 89' lang='lat' dir='ltr'><strong>indigna.</strong></span> <span class='ocrx_word' id='word_1_42' title='bbox 1075 1110 1124 1173; x_wconf 90' lang='lat' dir='ltr'><strong>At</strong></span> <span class='ocrx_word' id='word_1_43' title='bbox 1148 1113 1259 1175; x_wconf 90' lang='lat' dir='ltr'><strong>eiecto</strong></span> 
     </span>
     <span class='ocr_line' id='line_1_7' title="bbox 71 1225 1257 1312; baseline 0.007 -26"><span class='ocrx_word' id='word_1_44' title='bbox 71 1225 101 1286; x_wconf 84' lang='lat' dir='ltr'><strong>in</strong></span> <span class='ocrx_word' id='word_1_45' title='bbox 124 1227 238 1288; x_wconf 90' lang='lat' dir='ltr'><strong>omnia</strong></span> <span class='ocrx_word' id='word_1_46' title='bbox 263 1225 348 1288; x_wconf 83' lang='lat' dir='ltr'><strong>fiunt</strong></span> <span class='ocrx_word' id='word_1_47' title='bbox 371 1226 630 1308; x_wconf 85' lang='lat' dir='ltr'><strong>elegantissima,</strong></span> <span class='ocrx_word' id='word_1_48' title='bbox 655 1229 726 1290; x_wconf 91' lang='lat' dir='ltr'><strong>sive</strong></span> <span class='ocrx_word' id='word_1_49' title='bbox 740 1230 921 1312; x_wconf 65' lang='lat' dir='ltr'><strong>praecipuo</strong></span> <span class='ocrx_word' id='word_1_50' title='bbox 934 1242 1064 1312; x_wconf 83' lang='lat' dir='ltr'><strong>pavore</strong></span> <span class='ocrx_word' id='word_1_51' title='bbox 1082 1239 1257 1312; x_wconf 86' lang='lat' dir='ltr'><strong>tamquam</strong></span> 
     </span>
     <span class='ocr_line' id='line_1_8' title="bbox 70 1345 1257 1431; baseline 0.007 -25"><span class='ocrx_word' id='word_1_52' title='bbox 70 1345 214 1427; x_wconf 82' lang='lat' dir='ltr'><strong>aliquem</strong></span> <span class='ocrx_word' id='word_1_53' title='bbox 250 1346 453 1425; x_wconf 79' lang='lat' dir='ltr'><strong>„ablativum</strong></span> <span class='ocrx_word' id='word_1_54' title='bbox 486 1347 702 1410; x_wconf 89' lang='lat' dir='ltr'><strong>absolutum”</strong></span> <span class='ocrx_word' id='word_1_55' title='bbox 735 1349 920 1431; x_wconf 87' lang='lat' dir='ltr'><strong>accipimus</strong></span> <span class='ocrx_word' id='word_1_56' title='bbox 953 1350 1005 1431; x_wconf 76' lang='lat' dir='ltr'><strong>(z</strong></span> <span class='ocrx_word' id='word_1_57' title='bbox 1037 1349 1131 1431; x_wconf 67' lang='lat' dir='ltr'><strong>Agr„</strong></span> <span class='ocrx_word' id='word_1_58' title='bbox 1164 1352 1257 1415; x_wconf 89' lang='lat' dir='ltr'><strong>cuius</strong></span> 
     </span>
     <span class='ocr_line' id='line_1_9' title="bbox 71 1465 1084 1550; baseline 0.007 -25"><span class='ocrx_word' id='word_1_59' title='bbox 71 1465 268 1547; x_wconf 89' lang='lat' dir='ltr'><strong>praecipuus</strong></span> <span class='ocrx_word' id='word_1_60' title='bbox 293 1474 365 1528; x_wconf 91' lang='lat' dir='ltr'><strong>erat</strong></span> <span class='ocrx_word' id='word_1_61' title='bbox 389 1467 518 1548; x_wconf 79' lang='lat' dir='ltr'><strong>pavor),</strong></span> <span class='ocrx_word' id='word_1_62' title='bbox 542 1468 613 1529; x_wconf 86' lang='lat' dir='ltr'><strong>slve</strong></span> <span class='ocrx_word' id='word_1_63' title='bbox 637 1487 714 1530; x_wconf 90' lang='lat' dir='ltr'><strong>cum</strong></span> <span class='ocrx_word' id='word_1_64' title='bbox 739 1481 882 1532; x_wconf 86' lang='lat' dir='ltr'><strong>metuens</strong></span> <span class='ocrx_word' id='word_1_65' title='bbox 906 1470 1084 1550; x_wconf 79' lang='lat' dir='ltr'><strong>iungimus</strong></span> 
     </span>
    </p>
   </div>
   <div class='ocr_carea' id='block_1_3' title="bbox 109 1547 1258 1671">
    <p class='ocr_par' dir='ltr' id='par_1_3' title="bbox 109 1547 1258 1671">
     <span class='ocr_line' id='line_1_10' title="bbox 109 1547 1258 1671; baseline 0.006 -26"><span class='ocrx_word' id='word_1_66' title='bbox 109 1582 154 1645; x_wconf 88' lang='lat' dir='ltr'><strong>A.</strong></span> <span class='ocrx_word' id='word_1_67' title='bbox 189 1583 267 1658; x_wconf 89' lang='lat' dir='ltr'>XII,</span> <span class='ocrx_word' id='word_1_68' title='bbox 298 1585 351 1665; x_wconf 84' lang='lat'><strong>65.</strong></span> <span class='ocrx_word' id='word_1_69' title='bbox 384 1585 576 1668; x_wconf 87' lang='lat' dir='ltr'><strong>Agrippina</strong></span> <span class='ocrx_word' id='word_1_70' title='bbox 599 1606 692 1668; x_wconf 87' lang='lat' dir='ltr'><strong>ergo,</strong></span> <span class='ocrx_word' id='word_1_71' title='bbox 718 1597 908 1651; x_wconf 87' lang='lat' dir='ltr'><strong>extremum</strong></span> <span class='ocrx_word' id='word_1_72' title='bbox 932 1589 996 1651; x_wconf 91' lang='lat' dir='ltr'><strong>sibi</strong></span> <span class='ocrx_word' id='word_1_73' title='bbox 1022 1589 1147 1652; x_wconf 90' lang='lat' dir='ltr'><strong>instare</strong></span> <span class='ocrx_word' id='word_1_74' title='bbox 1172 1547 1258 1671; x_wconf 86' lang='lat' dir='ltr'><strong>peri·</strong></span> 
     </span>
    </p>
   </div>
   <div class='ocr_carea' id='block_1_4' title="bbox 64 1701 1257 2624">
    <p class='ocr_par' dir='ltr' id='par_1_4' title="bbox 68 1701 323 1784">
     <span class='ocr_line' id='line_1_11' title="bbox 68 1701 323 1784; baseline 0.016 -22"><span class='ocrx_word' id='word_1_75' title='bbox 68 1701 179 1764; x_wconf 90' lang='lat' dir='ltr'><strong>culum</strong></span> <span class='ocrx_word' id='word_1_76' title='bbox 203 1722 323 1784; x_wconf 88' lang='lat' dir='ltr'><strong>gnara:</strong></span> 
     </span>
    </p>

    <p class='ocr_par' dir='ltr' id='par_1_5' title="bbox 66 1820 1257 2243">
     <span class='ocr_line' id='line_1_12' title="bbox 112 1820 1257 1908; baseline 0.007 -26"><span class='ocrx_word' id='word_1_77' title='bbox 112 1820 308 1904; x_wconf 80' lang='lat' dir='ltr'><strong>,Amplecti</strong></span> <span class='ocrx_word' id='word_1_78' title='bbox 341 1823 581 1900; x_wconf 90' lang='lat' dir='ltr'><strong>Britannicum,</strong></span> <span class='ocrx_word' id='word_1_79' title='bbox 614 1825 716 1887; x_wconf 91' lang='lat' dir='ltr'><strong>robur</strong></span> <span class='ocrx_word' id='word_1_80' title='bbox 747 1826 868 1887; x_wconf 89' lang='lat' dir='ltr'><strong>aetatis</strong></span> <span class='ocrx_word' id='word_1_81' title='bbox 895 1846 997 1908; x_wconf 92' lang='lat' dir='ltr'><strong>quam</strong></span> <span class='ocrx_word' id='word_1_82' title='bbox 1023 1827 1257 1890; x_wconf 88' lang='lat' dir='ltr'><strong>maturrimum</strong></span> 
     </span>
     <span class='ocr_line' id='line_1_13' title="bbox 68 1941 1257 2027; baseline 0.008 -27"><span class='ocrx_word' id='word_1_83' title='bbox 68 1941 214 2019; x_wconf 88' lang='lat' dir='ltr'><strong>precari,</strong></span> <span class='ocrx_word' id='word_1_84' title='bbox 251 1941 355 2004; x_wconf 93' lang='lat' dir='ltr'><strong>modo</strong></span> <span class='ocrx_word' id='word_1_85' title='bbox 390 1943 433 2006; x_wconf 91' lang='lat' dir='ltr'><strong>ad</strong></span> <span class='ocrx_word' id='word_1_86' title='bbox 469 1945 552 2006; x_wconf 92' lang='lat' dir='ltr'><strong>deos</strong></span> <span class='ocrx_word' id='word_1_87' title='bbox 588 1945 690 2006; x_wconf 93' lang='lat' dir='ltr'><strong>modo</strong></span> <span class='ocrx_word' id='word_1_88' title='bbox 726 1946 768 2008; x_wconf 89' lang='lat' dir='ltr'><strong>ad</strong></span> <span class='ocrx_word' id='word_1_89' title='bbox 805 1946 914 2027; x_wconf 92' lang='lat' dir='ltr'><strong>ipsum</strong></span> <span class='ocrx_word' id='word_1_90' title='bbox 951 1948 1092 2010; x_wconf 91' lang='lat' dir='ltr'><strong>tendere</strong></span> <span class='ocrx_word' id='word_1_91' title='bbox 1128 1968 1257 2024; x_wconf 89' lang='lat' dir='ltr'><strong>manus,</strong></span> 
     </span>
     <span class='ocr_line' id='line_1_14' title="bbox 66 2059 1257 2146; baseline 0.008 -25"><span class='ocrx_word' id='word_1_92' title='bbox 66 2059 286 2136; x_wconf 85' lang='lat' dir='ltr'><strong>adolesceret,</strong></span> <span class='ocrx_word' id='word_1_93' title='bbox 310 2064 416 2144; x_wconf 91' lang='lat' dir='ltr'><strong>patris</strong></span> <span class='ocrx_word' id='word_1_94' title='bbox 440 2063 594 2127; x_wconf 86' lang='lat' dir='ltr'><strong>inimicos</strong></span> <span class='ocrx_word' id='word_1_95' title='bbox 619 2064 815 2146; x_wconf 89' lang='lat' dir='ltr'><strong>depelleret,</strong></span> <span class='ocrx_word' id='word_1_96' title='bbox 843 2067 958 2128; x_wconf 89' lang='lat' dir='ltr'><strong>matris</strong></span> <span class='ocrx_word' id='word_1_97' title='bbox 978 2068 1081 2129; x_wconf 86' lang='lat' dir='ltr'><strong>etiam</strong></span> <span class='ocrx_word' id='word_1_98' title='bbox 1102 2067 1257 2130; x_wconf 85' lang='lat' dir='ltr'><strong>intersec-</strong></span> 
     </span>
     <span class='ocr_line' id='line_1_15' title="bbox 66 2178 428 2243; baseline 0.014 -5"><span class='ocrx_word' id='word_1_99' title='bbox 66 2185 156 2241; x_wconf 91' lang='lat' dir='ltr'><strong>tores</strong></span> <span class='ocrx_word' id='word_1_100' title='bbox 179 2178 428 2243; x_wconf 89' lang='lat' dir='ltr'><strong>ulcisceretur.”</strong></span> 
     </span>
    </p>

    <p class='ocr_par' dir='ltr' id='par_1_6' title="bbox 64 2298 1257 2624">
     <span class='ocr_line' id='line_1_16' title="bbox 109 2298 1257 2385; baseline 0.007 -25"><span class='ocrx_word' id='word_1_101' title='bbox 109 2298 201 2360; x_wconf 92' lang='lat' dir='ltr'><strong>Num</strong></span> <span class='ocrx_word' id='word_1_102' title='bbox 238 2300 425 2381; x_wconf 88' lang='lat' dir='ltr'><strong>quidquam</strong></span> <span class='ocrx_word' id='word_1_103' title='bbox 462 2310 512 2363; x_wconf 91' lang='lat' dir='ltr'><strong>est</strong></span> <span class='ocrx_word' id='word_1_104' title='bbox 547 2301 724 2364; x_wconf 84' lang='lat' dir='ltr'><strong>absurdius</strong></span> <span class='ocrx_word' id='word_1_105' title='bbox 759 2321 862 2383; x_wconf 89' lang='lat' dir='ltr'><strong>quam</strong></span> <span class='ocrx_word' id='word_1_106' title='bbox 897 2323 1039 2385; x_wconf 88' lang='lat' dir='ltr'><strong>puerum</strong></span> <span class='ocrx_word' id='word_1_107' title='bbox 1074 2305 1257 2369; x_wconf 79' lang='lat' dir='ltr'><strong>adhortari</strong></span> 
     </span>
     <span class='ocr_line' id='line_1_17' title="bbox 66 2419 1254 2503; baseline 0.008 -25"><span class='ocrx_word' id='word_1_108' title='bbox 66 2425 226 2499; x_wconf 92' lang='lat' dir='ltr'><strong>utquam</strong></span> <span class='ocrx_word' id='word_1_109' title='bbox 252 2419 398 2500; x_wconf 89' lang='lat' dir='ltr'><strong>primum</strong></span> <span class='ocrx_word' id='word_1_110' title='bbox 422 2419 616 2484; x_wconf 89' lang='lat' dir='ltr'><strong>adolescat?</strong></span> <span class='ocrx_word' id='word_1_111' title='bbox 641 2421 731 2496; x_wconf 92' lang='lat' dir='ltr'><strong>Non,</strong></span> <span class='ocrx_word' id='word_1_112' title='bbox 756 2430 793 2484; x_wconf 90' lang='lat' dir='ltr'><strong>ut</strong></span> <span class='ocrx_word' id='word_1_113' title='bbox 821 2424 952 2503; x_wconf 86' lang='lat' dir='ltr'><strong>opinor,</strong></span> <span class='ocrx_word' id='word_1_114' title='bbox 978 2422 1007 2484; x_wconf 83' lang='grc' dir='ltr'><strong>ἐν</strong></span> <span class='ocrx_word' id='word_1_115' title='bbox 1029 2423 1143 2501; x_wconf 71' lang='grc' dir='ltr'><em>εὐχαῖς</em></span> <span class='ocrx_word' id='word_1_116' title='bbox 1164 2428 1254 2488; x_wconf 79' lang='grc' dir='ltr'><strong><em>τοῦτο</em></strong></span> 
     </span>
     <span class='ocr_line' id='line_1_18' title="bbox 64 2531 1255 2624; baseline 0.009 -28"><span class='ocrx_word' id='word_1_117' title='bbox 64 2531 139 2596; x_wconf 73' lang='lat' dir='ltr'><strong>rium</strong></span> <span class='ocrx_word' id='word_1_118' title='bbox 161 2537 195 2597; x_wconf 80' lang='grc' dir='ltr'><strong>τὸ</strong></span> <span class='ocrx_word' id='word_1_119' title='bbox 218 2540 357 2614; x_wconf 66' lang='grc' dir='ltr'><strong><em>πρᾶγμα</em></strong></span> <span class='ocrx_word' id='word_1_120' title='bbox 378 2539 500 2602; x_wconf 88' lang='lat' dir='ltr'><strong>callida</strong></span> <span class='ocrx_word' id='word_1_121' title='bbox 521 2540 638 2602; x_wconf 91' lang='lat' dir='ltr'><strong>mulier</strong></span> <span class='ocrx_word' id='word_1_122' title='bbox 660 2540 847 2621; x_wconf 85' lang='lat' dir='ltr'><strong>ignorabat,</strong></span> <span class='ocrx_word' id='word_1_123' title='bbox 862 2542 954 2621; x_wconf 92' lang='lat' dir='ltr'><strong>quod</strong></span> <span class='ocrx_word' id='word_1_124' title='bbox 968 2551 1002 2604; x_wconf 88' lang='lat' dir='ltr'><strong>et</strong></span> <span class='ocrx_word' id='word_1_125' title='bbox 1015 2544 1255 2624; x_wconf 87' lang='lat' dir='ltr'><strong>praecedentia</strong></span> 
     </span>
    </p>
   </div>
   <div class='ocr_carea' id='block_1_5' title="bbox 64 2656 1361 2742">
    <p class='ocr_par' dir='ltr' id='par_1_7' title="bbox 64 2656 1361 2742">
     <span class='ocr_line' id='line_1_19' title="bbox 64 2656 1361 2742; baseline 0.008 -26"><span class='ocrx_word' id='word_1_126' title='bbox 64 2656 166 2718; x_wconf 86' lang='lat' dir='ltr'><strong>robur</strong></span> <span class='ocrx_word' id='word_1_127' title='bbox 196 2659 317 2721; x_wconf 87' lang='lat' dir='ltr'><strong>aetatis</strong></span> <span class='ocrx_word' id='word_1_128' title='bbox 347 2679 446 2739; x_wconf 85' lang='lat' dir='ltr'><strong>quam</strong></span> <span class='ocrx_word' id='word_1_129' title='bbox 475 2660 715 2722; x_wconf 80' lang='lat' dir='ltr'><strong>maturrimum</strong></span> <span class='ocrx_word' id='word_1_130' title='bbox 735 2661 876 2742; x_wconf 80' lang='lat' dir='ltr'><strong>precari</strong></span> <span class='ocrx_word' id='word_1_131' title='bbox 898 2669 1074 2723; x_wconf 88' lang='lat' dir='ltr'><strong>testantur.</strong></span> <span class='ocrx_word' id='word_1_132' title='bbox 1112 2662 1254 2726; x_wconf 88' lang='lat' dir='ltr'><strong>Etiamsi</strong></span> <span class='ocrx_word' id='word_1_133' title='bbox 1360 2700 1361 2704; x_wconf 62' lang='lat'><em>=</em></span> 
     </span>
    </p>
   </div>
   <div class='ocr_carea' id='block_1_6' title="bbox 55 2773 1348 4545">
    <p class='ocr_par' dir='ltr' id='par_1_8' title="bbox 62 2773 1254 3097">
     <span class='ocr_line' id='line_1_20' title="bbox 63 2773 1253 2862; baseline 0.007 -26"><span class='ocrx_word' id='word_1_134' title='bbox 63 2773 94 2835; x_wconf 89' lang='lat' dir='ltr'><strong>in</strong></span> <span class='ocrx_word' id='word_1_135' title='bbox 138 2776 198 2838; x_wconf 89' lang='lat' dir='ltr'><strong>tali</strong></span> <span class='ocrx_word' id='word_1_136' title='bbox 235 2797 270 2838; x_wconf 86' lang='lat' dir='ltr'><strong>re</strong></span> <span class='ocrx_word' id='word_1_137' title='bbox 307 2779 493 2858; x_wconf 90' lang='lat' dir='ltr'><strong>quidquam</strong></span> <span class='ocrx_word' id='word_1_138' title='bbox 530 2778 702 2839; x_wconf 91' lang='lat' dir='ltr'><strong>monendo</strong></span> <span class='ocrx_word' id='word_1_139' title='bbox 738 2787 771 2839; x_wconf 87' lang='lat' dir='ltr'><strong>ct</strong></span> <span class='ocrx_word' id='word_1_140' title='bbox 807 2779 981 2842; x_wconf 89' lang='lat' dir='ltr'><strong>incitando</strong></span> <span class='ocrx_word' id='word_1_141' title='bbox 1017 2780 1253 2862; x_wconf 84' lang='lat' dir='ltr'><strong>proficeretur,</strong></span> 
     </span>
     <span class='ocr_line' id='line_1_21' title="bbox 62 2896 1254 2981; baseline 0.008 -27"><span class='ocrx_word' id='word_1_142' title='bbox 62 2901 177 2956; x_wconf 90' lang='lat' dir='ltr'><strong>tamen</strong></span> <span class='ocrx_word' id='word_1_143' title='bbox 203 2903 274 2957; x_wconf 88' lang='lat' dir='ltr'><strong>tam</strong></span> <span class='ocrx_word' id='word_1_144' title='bbox 299 2915 405 2976; x_wconf 89' lang='lat' dir='ltr'><strong>parvo</strong></span> <span class='ocrx_word' id='word_1_145' title='bbox 428 2896 539 2977; x_wconf 89' lang='lat' dir='ltr'><strong>spatio</strong></span> <span class='ocrx_word' id='word_1_146' title='bbox 564 2896 615 2957; x_wconf 92' lang='lat' dir='ltr'><strong>bis</strong></span> <span class='ocrx_word' id='word_1_147' title='bbox 639 2897 784 2958; x_wconf 90' lang='lat' dir='ltr'><strong>eandem</strong></span> <span class='ocrx_word' id='word_1_148' title='bbox 805 2917 876 2959; x_wconf 90' lang='lat' dir='ltr'><strong>rem</strong></span> <span class='ocrx_word' id='word_1_149' title='bbox 897 2897 1086 2979; x_wconf 84' lang='lat' dir='ltr'><strong>significare</strong></span> <span class='ocrx_word' id='word_1_150' title='bbox 1106 2899 1254 2981; x_wconf 85' lang='lat' dir='ltr'><strong>eleganti</strong></span> 
     </span>
     <span class='ocr_line' id='line_1_22' title="bbox 62 3005 1254 3097; baseline 0.008 -22"><span class='ocrx_word' id='word_1_151' title='bbox 62 3015 228 3095; x_wconf 89' lang='lat' dir='ltr'><strong>scriptore</strong></span> <span class='ocrx_word' id='word_1_152' title='bbox 254 3005 429 3096; x_wconf 82' lang='lat' dir='ltr'><strong>indignum</strong></span> <span class='ocrx_word' id='word_1_153' title='bbox 454 3014 550 3078; x_wconf 82' lang='lat' dir='ltr'><strong>foret.</strong></span> <span class='ocrx_word' id='word_1_154' title='bbox 580 3015 741 3078; x_wconf 88' lang='lat' dir='ltr'><strong>Facessat</strong></span> <span class='ocrx_word' id='word_1_155' title='bbox 765 3036 846 3097; x_wconf 89' lang='lat' dir='ltr'><strong>ergo</strong></span> <span class='ocrx_word' id='word_1_156' title='bbox 870 3018 1066 3083; x_wconf 80' lang='lat' dir='ltr'><strong>adolesceret</strong></span> <span class='ocrx_word' id='word_1_157' title='bbox 1088 3039 1140 3094; x_wconf 68' lang='grc' dir='ltr'><strong>(το,</strong></span> <span class='ocrx_word' id='word_1_158' title='bbox 1165 3023 1254 3085; x_wconf 92' lang='lat' dir='ltr'><strong>unde</strong></span> 
     </span>
    </p>

    <p class='ocr_par' dir='ltr' id='par_1_9' title="bbox 62 3111 1290 3215">
     <span class='ocr_line' id='line_1_23' title="bbox 62 3111 1290 3215; baseline 0.002 -21"><span class='ocrx_word' id='word_1_159' title='bbox 62 3132 150 3195; x_wconf 87' lang='lat' dir='ltr'><strong>male</strong></span> <span class='ocrx_word' id='word_1_160' title='bbox 176 3134 300 3215; x_wconf 89' lang='lat' dir='ltr'><strong>pedem</strong></span> <span class='ocrx_word' id='word_1_161' title='bbox 325 3134 448 3197; x_wconf 90' lang='lat' dir='ltr'><strong>intulit.</strong></span> <span class='ocrx_word' id='word_1_162' title='bbox 1288 3111 1290 3116; x_wconf 23' lang='grc' dir='ltr'>Ι</span> 
     </span>
    </p>

    <p class='ocr_par' dir='ltr' id='par_1_10' title="bbox 58 3251 1251 3578">
     <span class='ocr_line' id='line_1_24' title="bbox 105 3251 1251 3341; baseline 0.01 -27"><span class='ocrx_word' id='word_1_163' title='bbox 105 3253 151 3314; x_wconf 95' lang='lat' dir='ltr'><strong>A.</strong></span> <span class='ocrx_word' id='word_1_164' title='bbox 173 3251 270 3326; x_wconf 91' lang='lat' dir='ltr'><strong>XIII,</strong></span> <span class='ocrx_word' id='word_1_165' title='bbox 293 3271 344 3334; x_wconf 87' lang='lat'><strong>34.</strong></span> <span class='ocrx_word' id='word_1_166' title='bbox 365 3253 474 3316; x_wconf 88' lang='lat' dir='ltr'><strong>Causa</strong></span> <span class='ocrx_word' id='word_1_167' title='bbox 494 3255 607 3317; x_wconf 89' lang='lat' dir='ltr'><strong>denuo</strong></span> <span class='ocrx_word' id='word_1_168' title='bbox 628 3256 716 3317; x_wconf 87' lang='lat' dir='ltr'><strong>inter</strong></span> <span class='ocrx_word' id='word_1_169' title='bbox 733 3255 907 3319; x_wconf 90' lang='lat' dir='ltr'><strong>Romanos</strong></span> <span class='ocrx_word' id='word_1_170' title='bbox 920 3257 1130 3341; x_wconf 89' lang='lat' dir='ltr'><strong>Parthosque</strong></span> <span class='ocrx_word' id='word_1_171' title='bbox 1143 3263 1251 3325; x_wconf 88' lang='lat' dir='ltr'><strong>exorti</strong></span> 
     </span>
     <span class='ocr_line' id='line_1_25' title="bbox 61 3371 1251 3460; baseline 0.011 -27"><span class='ocrx_word' id='word_1_172' title='bbox 61 3371 139 3434; x_wconf 87' lang='lat' dir='ltr'><strong>belli</strong></span> <span class='ocrx_word' id='word_1_173' title='bbox 173 3372 258 3434; x_wconf 89' lang='lat' dir='ltr'><strong>haec</strong></span> <span class='ocrx_word' id='word_1_174' title='bbox 289 3381 373 3446; x_wconf 87' lang='lat' dir='ltr'><strong>erat,</strong></span> <span class='ocrx_word' id='word_1_175' title='bbox 405 3373 497 3455; x_wconf 91' lang='lat' dir='ltr'><strong>quod</strong></span> <span class='ocrx_word' id='word_1_176' title='bbox 522 3374 593 3454; x_wconf 90' lang='lat' dir='ltr'><strong>ipse</strong></span> <span class='ocrx_word' id='word_1_177' title='bbox 619 3373 830 3456; x_wconf 89' lang='lat' dir='ltr'><strong>Vologaeses</strong></span> <span class='ocrx_word' id='word_1_178' title='bbox 854 3377 921 3439; x_wconf 90' lang='lat' dir='ltr'><strong>suis</strong></span> <span class='ocrx_word' id='word_1_179' title='bbox 945 3380 1052 3460; x_wconf 91' lang='lat' dir='ltr'><strong>copiis</strong></span> <span class='ocrx_word' id='word_1_180' title='bbox 1076 3380 1251 3446; x_wconf 90' lang='lat' dir='ltr'><strong>Tiridaten</strong></span> 
     </span>
     <span class='ocr_line' id='line_1_26' title="bbox 58 3491 1044 3578; baseline 0.007 -25"><span class='ocrx_word' id='word_1_181' title='bbox 58 3491 90 3554; x_wconf 91' lang='lat' dir='ltr'><strong>in</strong></span> <span class='ocrx_word' id='word_1_182' title='bbox 117 3491 304 3554; x_wconf 89' lang='lat' dir='ltr'><strong>Armeniae</strong></span> <span class='ocrx_word' id='word_1_183' title='bbox 330 3512 470 3574; x_wconf 87' lang='lat' dir='ltr'><strong>regnum</strong></span> <span class='ocrx_word' id='word_1_184' title='bbox 494 3494 663 3556; x_wconf 88' lang='lat' dir='ltr'><strong>deducere</strong></span> <span class='ocrx_word' id='word_1_185' title='bbox 688 3495 849 3576; x_wconf 88' lang='lat' dir='ltr'><strong>cupiebat</strong></span> <span class='ocrx_word' id='word_1_186' title='bbox 873 3505 908 3559; x_wconf 90' lang='lat' dir='ltr'><strong>et</strong></span> <span class='ocrx_word' id='word_1_187' title='bbox 932 3499 1044 3578; x_wconf 90' lang='lat' dir='ltr'><strong>quod:</strong></span> 
     </span>
    </p>

    <p class='ocr_par' dir='ltr' id='par_1_11' title="bbox 58 3611 1254 3934">
     <span class='ocr_line' id='line_1_27' title="bbox 106 3611 1252 3695; baseline 0.01 -24"><span class='ocrx_word' id='word_1_188' title='bbox 106 3611 284 3690; x_wconf 82' lang='lat' dir='ltr'><strong>„Armenii</strong></span> <span class='ocrx_word' id='word_1_189' title='bbox 305 3611 463 3692; x_wconf 87' lang='lat' dir='ltr'><strong>ambigua</strong></span> <span class='ocrx_word' id='word_1_190' title='bbox 481 3611 547 3674; x_wconf 83' lang='lat' dir='ltr'><strong>fide</strong></span> <span class='ocrx_word' id='word_1_191' title='bbox 565 3622 708 3695; x_wconf 89' lang='lat' dir='ltr'><strong>utraque</strong></span> <span class='ocrx_word' id='word_1_192' title='bbox 729 3634 821 3676; x_wconf 92' lang='lat' dir='ltr'><strong>arma</strong></span> <span class='ocrx_word' id='word_1_193' title='bbox 839 3615 1045 3690; x_wconf 88' lang='lat' dir='ltr'><strong>invitabant,</strong></span> <span class='ocrx_word' id='word_1_194' title='bbox 1065 3618 1130 3679; x_wconf 91' lang='lat' dir='ltr'><strong>situ</strong></span> <span class='ocrx_word' id='word_1_195' title='bbox 1149 3627 1252 3683; x_wconf 88' lang='lat' dir='ltr'><strong>terra-</strong></span> 
     </span>
     <span class='ocr_line' id='line_1_28' title="bbox 58 3729 1254 3819; baseline 0.008 -28"><span class='ocrx_word' id='word_1_196' title='bbox 58 3751 143 3804; x_wconf 92' lang='lat' dir='ltr'><strong>rum,</strong></span> <span class='ocrx_word' id='word_1_197' title='bbox 166 3729 387 3793; x_wconf 88' lang='lat' dir='ltr'><strong>similitudine</strong></span> <span class='ocrx_word' id='word_1_198' title='bbox 410 3751 542 3794; x_wconf 90' lang='lat' dir='ltr'><strong>morum</strong></span> <span class='ocrx_word' id='word_1_199' title='bbox 564 3732 694 3794; x_wconf 88' lang='lat' dir='ltr'><strong>Parthis</strong></span> <span class='ocrx_word' id='word_1_200' title='bbox 716 3733 891 3813; x_wconf 91' lang='lat' dir='ltr'><strong>propiores</strong></span> <span class='ocrx_word' id='word_1_201' title='bbox 912 3734 1157 3816; x_wconf 91' lang='lat' dir='ltr'><strong>connubiisque</strong></span> <span class='ocrx_word' id='word_1_202' title='bbox 1179 3757 1254 3819; x_wconf 90' lang='lat' dir='ltr'><strong>per·</strong></span> 
     </span>
     <span class='ocr_line' id='line_1_29' title="bbox 59 3849 1251 3934; baseline 0.008 -22"><span class='ocrx_word' id='word_1_203' title='bbox 59 3851 158 3912; x_wconf 88' lang='lat' dir='ltr'><strong>mixti</strong></span> <span class='ocrx_word' id='word_1_204' title='bbox 178 3870 219 3913; x_wconf 89' lang='lat' dir='ltr'><strong>ac</strong></span> <span class='ocrx_word' id='word_1_205' title='bbox 236 3849 394 3913; x_wconf 89' lang='lat' dir='ltr'><strong>libertate</strong></span> <span class='ocrx_word' id='word_1_206' title='bbox 415 3852 531 3934; x_wconf 87' lang='lat' dir='ltr'><strong>ignota</strong></span> <span class='ocrx_word' id='word_1_207' title='bbox 551 3851 638 3915; x_wconf 80' lang='lat' dir='ltr'><strong>illud</strong></span> <span class='ocrx_word' id='word_1_208' title='bbox 651 3852 757 3933; x_wconf 87' lang='lat' dir='ltr'><strong>magis</strong></span> <span class='ocrx_word' id='word_1_209' title='bbox 773 3852 817 3914; x_wconf 90' lang='lat' dir='ltr'><strong>ad</strong></span> <span class='ocrx_word' id='word_1_210' title='bbox 831 3853 1005 3915; x_wconf 88' lang='lat' dir='ltr'><strong>servitium</strong></span> <span class='ocrx_word' id='word_1_211' title='bbox 1018 3853 1251 3920; x_wconf 78' lang='lat' dir='ltr'><strong>inclinantes”</strong></span> 
     </span>
    </p>

    <p class='ocr_par' dir='ltr' id='par_1_12' title="bbox 55 3969 1348 4545">
     <span class='ocr_line' id='line_1_30' title="bbox 103 3969 1251 4053; baseline 0.006 -20"><span class='ocrx_word' id='word_1_212' title='bbox 103 3969 162 4034; x_wconf 89' lang='lat' dir='ltr'><strong>Sic</strong></span> <span class='ocrx_word' id='word_1_213' title='bbox 193 3969 348 4051; x_wconf 92' lang='lat' dir='ltr'><strong>Lipsius,</strong></span> <span class='ocrx_word' id='word_1_214' title='bbox 380 3992 482 4052; x_wconf 92' lang='lat' dir='ltr'><strong>quem</strong></span> <span class='ocrx_word' id='word_1_215' title='bbox 514 3971 666 4053; x_wconf 90' lang='lat' dir='ltr'><strong>plerique</strong></span> <span class='ocrx_word' id='word_1_216' title='bbox 699 3979 884 4051; x_wconf 89' lang='lat' dir='ltr'><strong>sequuntur</strong></span> <span class='ocrx_word' id='word_1_217' title='bbox 916 3972 1074 4048; x_wconf 74' lang='lat' dir='ltr'><strong>editores</strong></span> <span class='ocrx_word' id='word_1_218' title='bbox 1107 3994 1186 4038; x_wconf 91' lang='lat' dir='ltr'><strong>nam</strong></span> <span class='ocrx_word' id='word_1_219' title='bbox 1217 3977 1251 4040; x_wconf 92' lang='lat' dir='ltr'><strong>in</strong></span> 
     </span>
     <span class='ocr_line' id='line_1_31' title="bbox 57 4087 1251 4176; baseline 0.007 -26"><span class='ocrx_word' id='word_1_220' title='bbox 57 4089 179 4151; x_wconf 86' lang='lat' dir='ltr'><strong>codice</strong></span> <span class='ocrx_word' id='word_1_221' title='bbox 200 4097 252 4150; x_wconf 88' lang='lat' dir='ltr'><strong>est</strong></span> <span class='ocrx_word' id='word_1_222' title='bbox 272 4088 361 4151; x_wconf 83' lang='lat' dir='ltr'><strong>illuc.</strong></span> <span class='ocrx_word' id='word_1_223' title='bbox 386 4087 455 4154; x_wconf 88' lang='lat' dir='ltr'><strong>Sed</strong></span> <span class='ocrx_word' id='word_1_224' title='bbox 474 4090 562 4154; x_wconf 80' lang='lat' dir='ltr'><strong>illud</strong></span> <span class='ocrx_word' id='word_1_225' title='bbox 579 4091 627 4152; x_wconf 89' lang='lat' dir='ltr'><strong>ad</strong></span> <span class='ocrx_word' id='word_1_226' title='bbox 643 4090 816 4152; x_wconf 82' lang='lat' dir='ltr'><strong>servitium</strong></span> <span class='ocrx_word' id='word_1_227' title='bbox 830 4110 940 4172; x_wconf 91' lang='lat' dir='ltr'><strong>neque</strong></span> <span class='ocrx_word' id='word_1_228' title='bbox 953 4092 1127 4174; x_wconf 85' lang='lat' dir='ltr'><strong>eleganter</strong></span> <span class='ocrx_word' id='word_1_229' title='bbox 1140 4115 1251 4176; x_wconf 87' lang='lat' dir='ltr'><strong>neque</strong></span> 
     </span>
     <span class='ocr_line' id='line_1_32' title="bbox 57 4208 1249 4291; baseline 0.007 -23"><span class='ocrx_word' id='word_1_230' title='bbox 57 4208 237 4288; x_wconf 88' lang='lat' dir='ltr'><strong>perspicue</strong></span> <span class='ocrx_word' id='word_1_231' title='bbox 273 4227 395 4288; x_wconf 88' lang='lat' dir='ltr'><strong>neque,</strong></span> <span class='ocrx_word' id='word_1_232' title='bbox 431 4209 524 4291; x_wconf 93' lang='lat' dir='ltr'><strong>quod</strong></span> <span class='ocrx_word' id='word_1_233' title='bbox 560 4208 794 4290; x_wconf 88' lang='lat' dir='ltr'><strong>gravissimum</strong></span> <span class='ocrx_word' id='word_1_234' title='bbox 830 4217 891 4283; x_wconf 84' lang='lat' dir='ltr'><strong>est,</strong></span> <span class='ocrx_word' id='word_1_235' title='bbox 928 4221 1084 4275; x_wconf 88' lang='lat' dir='ltr'><strong>accurate</strong></span> <span class='ocrx_word' id='word_1_236' title='bbox 1120 4214 1249 4277; x_wconf 89' lang='lat' dir='ltr'><strong>dictum</strong></span> 
     </span>
     <span class='ocr_line' id='line_1_33' title="bbox 58 4324 1248 4415; baseline 0.008 -29"><span class='ocrx_word' id='word_1_237' title='bbox 58 4327 204 4389; x_wconf 85' lang='lat' dir='ltr'><strong>videtur.</strong></span> <span class='ocrx_word' id='word_1_238' title='bbox 236 4326 315 4388; x_wconf 91' lang='lat' dir='ltr'><strong>Non</strong></span> <span class='ocrx_word' id='word_1_239' title='bbox 348 4337 489 4409; x_wconf 87' lang='lat' dir='ltr'><strong>possunt</strong></span> <span class='ocrx_word' id='word_1_240' title='bbox 520 4329 610 4391; x_wconf 87' lang='lat' dir='ltr'><strong>enim</strong></span> <span class='ocrx_word' id='word_1_241' title='bbox 642 4326 706 4388; x_wconf 89' lang='lat' dir='ltr'><strong>hoc</strong></span> <span class='ocrx_word' id='word_1_242' title='bbox 737 4324 813 4388; x_wconf 90' lang='lat' dir='ltr'><strong>loco</strong></span> <span class='ocrx_word' id='word_1_243' title='bbox 846 4328 914 4390; x_wconf 93' lang='lat' dir='ltr'><strong>duo</strong></span> <span class='ocrx_word' id='word_1_244' title='bbox 946 4331 1033 4392; x_wconf 90' lang='lat' dir='ltr'><strong>inter</strong></span> <span class='ocrx_word' id='word_1_245' title='bbox 1060 4352 1097 4394; x_wconf 92' lang='lat' dir='ltr'><strong>se</strong></span> <span class='ocrx_word' id='word_1_246' title='bbox 1120 4335 1248 4415; x_wconf 92' lang='lat' dir='ltr'><strong>opponi</strong></span> 
     </span>
     <span class='ocr_line' id='line_1_34' title="bbox 55 4444 1348 4545; baseline 0.008 -37"><span class='ocrx_word' id='word_1_247' title='bbox 55 4445 206 4520; x_wconf 88' lang='lat' dir='ltr'><strong>servitia,</strong></span> <span class='ocrx_word' id='word_1_248' title='bbox 237 4446 330 4528; x_wconf 92' lang='lat' dir='ltr'><strong>quod</strong></span> <span class='ocrx_word' id='word_1_249' title='bbox 363 4455 477 4510; x_wconf 86' lang='lat' dir='ltr'><strong>tamen</strong></span> <span class='ocrx_word' id='word_1_250' title='bbox 510 4447 615 4522; x_wconf 90' lang='lat' dir='ltr'><strong>lieret,</strong></span> <span class='ocrx_word' id='word_1_251' title='bbox 647 4447 674 4508; x_wconf 92' lang='lat' dir='ltr'><strong>si</strong></span> <span class='ocrx_word' id='word_1_252' title='bbox 706 4444 861 4509; x_wconf 91' lang='lat' dir='ltr'><strong>Armenii</strong></span> <span class='ocrx_word' id='word_1_253' title='bbox 893 4448 936 4510; x_wconf 91' lang='lat' dir='ltr'><strong>ad</strong></span> <span class='ocrx_word' id='word_1_254' title='bbox 967 4460 1092 4512; x_wconf 85' lang='lat' dir='ltr'><strong>certum</strong></span> <span class='ocrx_word' id='word_1_255' title='bbox 1116 4453 1253 4534; x_wconf 83' lang='lat' dir='ltr'><strong>aliquod</strong></span> <span class='ocrx_word' id='word_1_256' title='bbox 1344 4537 1348 4545; x_wconf 30' lang='grc' dir='ltr'>Ι</span> 
     </span>
    </p>
   </div>
   <div class='ocr_carea' id='block_1_7' title="bbox 0 0 1618 5236">
    <p class='ocr_par' dir='ltr' id='par_1_13' title="bbox 0 0 1618 5236">
     <span class='ocr_line' id='line_1_35' title="bbox 0 0 1618 5236; baseline 0 6"><span class='ocrx_word' id='word_1_257' title='bbox 0 0 1618 5236; x_wconf 95' lang='lat' dir='ltr'><strong> </strong></span> 
     </span>
    </p>
   </div>
  </div>
 </body>
</html>
