3228 5236
651 1311 729 1374 XV.

138 1559 212 1622 Iam
234 1561 267 1622 in
288 1561 505 1642 praecedenti
526 1561 638 1642 capite
659 1580 762 1622 unum
777 1559 989 1639 alterumque
1002 1557 1149 1620 indicavi
1161 1556 1284 1632 locum,

84 1681 151 1761 qui
177 1679 270 1743 nullo
293 1679 360 1742 alio
384 1681 493 1744 sanari
520 1681 623 1743 modo
648 1688 762 1763 posset
786 1699 890 1761 quam
914 1677 1089 1742 vocabulis
1112 1676 1242 1758 aliquot
1265 1696 1284 1738 e

84 1809 190 1864 textu
223 1800 422 1863 eximendis.
461 1800 523 1862 Est
556 1801 646 1862 enim
677 1800 769 1883 apud
801 1799 958 1862 Tacitum
981 1798 1110 1861 affatim
1133 1795 1285 1860 locorum

85 1928 341 2002 corruptomm‚
374 1920 497 2002 quibus
530 1920 592 1984 hac
624 1919 757 1983 medela
784 1919 894 1984 afferri
918 1918 1007 1982 salus
1031 1918 1165 1992 debeat,
1191 1936 1285 1999 prae·

84 2041 211 2103 sertim
243 2041 277 2103 in
301 2041 341 2103 iis
365 2040 467 2116 libris,
492 2060 577 2122 quos
601 2041 712 2103 codex
738 2039 911 2103 Mediceus
934 2037 1019 2101 alter
1042 2037 1199 2128 servavit,
1224 2037 1285 2099 sed

87 2180 206 2242 neque
230 2160 322 2242 prior
345 2161 385 2223 iis
407 2167 511 2223 caret.
537 2159 610 2222 Hos
635 2178 734 2233 nunc,
758 2159 784 2221 si
809 2178 877 2221 non
901 2176 1029 2232 omnes,
1050 2164 1085 2220 at
1106 2155 1286 2239 plerosque

90 2299 297 2362 proponam,
323 2287 357 2342 et

409 2399 570 2480 quoniam
594 2398 678 2461 haec
702 2383 795 2462 ratio
813 2397 1011 2481 plerumque
1036 2397 1170 2460 videtur

233 2518 354 2582 Futilis
377 2538 450 2581 esse
474 2518 597 2600 quibus
622 2538 690 2581 non
714 2526 765 2580 est
789 2525 944 2592 tractata,
970 2525 1127 2597 retroque

232 2638 363 2721 Vulgus
386 2638 546 2702 abhorret
569 2638 614 2701 ab
638 2639 711 2712 hac,

94 2757 152 2821 vel
186 2759 300 2841 potius
323 2759 485 2840 quoniam
510 2757 599 2821 haud
624 2759 722 2841 pauci
747 2757 873 2820 nullam
898 2757 951 2820 hic
975 2764 1164 2840 agnoscunt
1189 2755 1289 2818 ratio-

96 2897 192 2952 nem,
231 2878 292 2940 sed
328 2896 456 2940 meram
491 2879 731 2940 tantummodo
766 2876 994 2940 temeritatem
1029 2875 1288 2956 levitatemque,

97 2997 218 3058 ordine
239 2997 424 3079 procedam
445 2997 686 3079 ingentemque
708 2998 883 3060 materiem
904 2996 951 3058 ita
970 2997 1004 3058 in
1024 3004 1117 3058 certa
1137 2996 1287 3058 dividam

95 3116 220 3198 capita,
247 3124 283 3179 ut
306 3115 498 3198 legentibus
518 3116 551 3177 e‘t
571 3134 673 3196 quam
695 3116 841 3178 maxime
862 3117 1084 3198 persuadeam
1104 3114 1149 3189 et,
1170 3116 1196 3177 si
1217 3113 1288 3176 fieri

96 3235 214 3317 possit,
247 3231 349 3298 e‘tiam
383 3235 568 3317 voluptatis
595 3235 735 3298 afferam
758 3236 897 3317 aliquid.
934 3235 1051 3318 Atque
1075 3236 1221 3318 primum
1245 3237 1288 3299 de

96 3355 253 3429 externis,
287 3373 373 3435 quae
405 3355 572 3428 dicuntur,
605 3373 704 3436 agam
732 3355 875 3430 indiciis,
900 3355 1211 3436 demonstraboque
1234 3354 1289 3418 hic

97 3473 164 3537 illic
196 3474 235 3536 iis
266 3473 551 3538 commaculatum
579 3494 651 3540 esse
675 3475 919 3539 additamentis
942 3485 1076 3540 textum
1100 3476 1287 3550 Taciteum,

97 3613 185 3675 quae
216 3592 296 3656 olim
328 3593 360 3655 in
393 3594 544 3676 margine
575 3593 628 3657 vel
653 3596 740 3657 inter
766 3595 871 3657 lineas
893 3595 1065 3677 adscripta
1089 3593 1188 3657 luisse
1213 3614 1288 3656 nos·

97 3712 158 3775 tris
189 3713 383 3775 etiamnunc
415 3732 591 3776 cernamus
622 3713 737 3777 oculis.
774 3713 845 3776 Iam
875 3713 923 3786 iis,
947 3713 1005 3793 qui
1029 3711 1133 3774 libelli
1159 3713 1224 3774 mei
1248 3713 1288 3776 de

94 3831 311 3895 Emblematis
341 3833 375 3894 in
407 3831 559 3895 Platonis
583 3843 673 3896 textu
697 3832 800 3896 obviis
823 3833 948 3915 primas
972 3832 1204 3912 adspexerunt
1228 3851 1287 3913 pa·

96 3951 202 4032 ginas,
225 3960 308 4015 nota
332 3959 409 4016 sunt
434 3951 498 4014 ista
522 3972 566 4014 ex
590 3953 748 4016 Mediceo
771 3952 899 4016 altero:

144 4067 241 4148 (Hist.
275 4068 319 4144 11,
350 4070 423 4151 98):
456 4089 547 4133 mare
579 4089 714 4152 quoque
741 4077 776 4132 et
801 4071 847 4132 esi
862 4071 981 4156 flabra
1004 4070 1167 4152 aquilonis
1191 4089 1286 4132 arum

99 4185 178 4250 flatu
198 4188 230 4250 in
248 4186 425 4251 Orientem
444 4190 682 4270 navigantibus
699 4191 896 4265 secundum,
910 4191 989 4253 inde
1002 4191 1180 4253 adversum
1194 4195 1265 4251 erat

99 4313 136 4368 et
165 4303 265 4386 (Hist.
299 4304 359 4380 111,
393 4306 463 4387 20):
492 4315 527 4369 et
552 4307 668 4382 vineis,
694 4307 950 4372 machinamenti
969 4329 1075 4391 genus
1097 4308 1145 4371 ad
1164 4319 1288 4390 expug-

97 4424 218 4488 nandos
237 4445 351 4488 muros
370 4425 404 4488 in
424 4427 554 4489 modum
575 4427 724 4490 turrium
737 4429 873 4510 factum
894 4429 920 4491 is
940 4427 1170 4511 aggredienda
1194 4427 1289 4491 urbS.
