3228 5236
389 1481 597 1565 Epimotrum
622 1483 664 1544 ad
689 1502 788 1565 pagg.
819 1484 879 1565 136
902 1490 938 1546 et
966 1485 1035 1564 146.

129 1660 264 1726 Constat
280 1671 315 1725 et
331 1662 414 1727 satis
429 1674 554 1727 constat
569 1683 645 1726 cum
663 1663 830 1726 infinitivo
848 1664 1109 1728 coniunctivove
1126 1667 1310 1747 praeteriti.

166 1903 219 1965 Ne
244 1904 320 1986 quis
343 1911 440 1986 putet
464 1924 518 1967 me
542 1912 670 1967 temere
695 1906 852 1968 statuisse
876 1905 920 1968 A.
942 1906 1003 1982 IV,
1023 1907 1046 1969 6
1065 1927 1127 1989 pro
1147 1918 1312 1972 constaret

126 2023 306 2104 legendum
337 2043 410 2087 esse
442 2035 561 2088 constet
591 2033 626 2087 et
657 2024 701 2087 A.
733 2025 794 2100 IV,
826 2039 870 2106 74
900 2037 1025 2091 constat
1048 2047 1109 2107 pro
1133 2028 1308 2103 constabat,

125 2162 242 2205 omnes
272 2142 326 2205 hic
359 2141 452 2206 locos
483 2142 631 2218 afferam,
656 2144 713 2206 ubi
737 2144 878 2207 verbum
903 2145 984 2208 illud
1009 2145 1149 2228 legatur,
1174 2144 1227 2209 vel
1251 2147 1310 2209 ad·

124 2262 194 2324 dito
227 2261 282 2324 vel
313 2283 381 2325 non
410 2263 530 2326 addito
561 2264 725 2326 adverbio
755 2241 848 2328 satis.
880 2264 1013 2347 Aperte
1042 2285 1123 2346 ergo
1146 2285 1208 2348 pro
1234 2285 1309 2330 mea

124 2385 290 2446 sententia
315 2391 467 2466 pugnant
492 2383 542 2445 hi:

166 2501 210 2563 A.
233 2502 257 2576 1,
283 2520 331 2583 13.
356 2499 492 2566 Constat
511 2500 688 2565 Haterium
709 2522 816 2584 prope
836 2523 856 2566 a
876 2502 1038 2566 militibus
1058 2503 1279 2584 interfectum.

166 2620 209 2683 A.
235 2620 295 2695 XI,
323 2639 373 2702 31·
399 2619 491 2684 Satis
514 2631 639 2685 constat
662 2641 702 2683 eo
727 2641 854 2703 pavore
879 2622 1022 2685 offusum
1046 2620 1234 2704 Claudium.

165 2739 207 2802 H.
233 2741 258 2815 1,
284 2741 331 2804 18.
355 2740 490 2806 Constat
503 2743 649 2823 potuisse
667 2742 837 2805 conciliari
858 2743 989 2806 animos
1009 2741 1306 2824 quantulacunque

125 2861 212 2941 parci
236 2861 325 2924 senis
349 2860 502 2944 (Galbae)
529 2861 740 2925 liberalitate.

168 2978 211 3041 H.
237 2979 264 3055 1,
288 2998 342 3058 41.
367 2979 420 3042 De
444 2999 640 3062 percussore
664 2999 732 3042 non
756 2981 840 3044 satis
863 2991 996 3044 constat.

164 3098 207 3161 H.
241 3099 303 3174 ΙΙΙ,
338 3114 389 3181 29.
421 3099 570 3162 Primum
601 3100 765 3181 irrupisse
792 3099 828 3162 C.
855 3099 1065 3163 Volusenum
1089 3102 1177 3165 inter
1198 3122 1307 3165 omnes

122 3230 268 3283 auctores
291 3229 426 3282 constat.

163 3336 207 3400 H.
232 3336 294 3411 IV,
318 3337 372 3419 69.
404 3336 540 3401 Constat
562 3337 721 3401 obstitisse
743 3337 891 3401 Treviris
914 3340 1007 3420 quod
1032 3339 1187 3402 Vindicis
1211 3350 1305 3404 motu

121 3475 192 3519 cum
217 3455 373 3538 Virginio
397 3464 572 3520 steterant.

162 3575 246 3658 Agr.
276 3592 324 3656 13.
352 3575 510 3658 Agitasse
532 3574 572 3638 G.
598 3574 776 3639 Caesarem
798 3578 840 3640 de
861 3577 1017 3640 intranda
1039 3578 1211 3641 Britannia
1223 3580 1304 3642 satis

119 3705 248 3759 constat.

159 3814 243 3896 Agr.
267 3831 322 3892 41.
347 3812 439 3877 Satis
461 3823 587 3876 constat
611 3813 796 3876 Domitiani
820 3834 957 3895 quoque
980 3835 1077 3878 aures
1096 3818 1299 3882 verberatas.

158 3933 246 3996 Dial.
277 3933 326 3996 16.
355 3930 449 4012 Quos
473 3934 556 3997 satis
580 3944 706 3996 constat
730 3931 874 4014 Philippi
899 3942 933 3996 et
957 3933 1145 3998 Alexandri
1171 3945 1302 4019 tempo·

119 4051 204 4114 ribus
219 4054 390 4138 floruisse.

159 4172 247 4235 Dial.
288 4173 336 4234 18.
368 4169 461 4235 Satis
491 4184 617 4236 canstat
646 4193 688 4234 ne
713 4171 867 4235 Ciceroni
892 4175 1030 4255 quidem
1055 4177 1301 4239 obtrectatores

119 4290 270 4372 defuisse.

159 4409 244 4474 Dial.
269 4423 321 4491 25.
347 4409 441 4492 Quos
464 4411 548 4473 satis
570 4423 695 4474 constat
717 4419 796 4473 ante
821 4431 849 4474 c.
874 4432 981 4476 annos
998 4415 1120 4496 fnisse.
