3258 5240
156 623 267 687 Probe
292 625 430 687 memini
455 633 499 700 et,
526 626 586 689 nisi
609 626 849 702 meminissem,
871 628 980 709 ipsum
1001 627 1176 710 exemplar
1195 627 1306 690 Taciti

110 763 181 824 quo
202 743 269 806 iam
290 743 465 824 Gymnasii
487 743 816 809 Amstelodamensis
837 746 1020 829 discipulus
1037 768 1114 810 usus
1126 768 1211 823 sum,
1225 747 1306 810 mihi

111 861 227 925 multis
257 863 361 946 signis
391 865 642 947 interrogativis
671 885 742 927 rem
764 866 798 927 in
824 875 974 929 mentem
998 887 1157 930 revocare
1181 874 1306 949 posset,

111 1001 167 1043 me
200 1001 278 1043 cum
308 983 456 1064 primum
487 982 605 1045 sedulo
636 1004 777 1065 operam
808 983 930 1047 Tacito
958 986 1038 1048 dare
1062 987 1247 1068 inciperem
1272 985 1306 1047 in

111 1100 178 1162 hoc
212 1100 286 1182 ipso
320 1101 396 1163 loco
427 1100 553 1164 diutius
585 1100 733 1164 haerere.
767 1102 920 1164 Videbar
951 1102 1033 1165 mihi
1065 1104 1107 1166 de
1139 1103 1307 1167 seditione

111 1219 261 1300 quadam
282 1218 432 1282 cohortis
451 1221 625 1283 cuiusdam
646 1219 812 1284 Ostiensis
831 1220 954 1303 legere,
975 1221 1100 1284 deinde
1121 1221 1166 1284 ob
1186 1221 1306 1285 intem·

112 1337 282 1419 pestivam
302 1338 507 1421 plenamque
528 1339 666 1420 periculi
688 1341 730 1402 de
751 1340 956 1422 imperatore
969 1360 1030 1402 suo
1043 1339 1305 1403 sollicitudinem

111 1455 282 1538 obiurgari
306 1456 578 1539 teprehendique
597 1457 641 1520 ab
662 1457 800 1522 Othone
820 1458 980 1521 videbam
999 1495 1043 1506 —
1063 1459 1305 1541 praetorianos.

113 1575 236 1655 Neque
259 1585 376 1638 tamen
399 1575 566 1640 Ostiensis
589 1575 664 1641 illos
688 1577 807 1640 missos
827 1577 938 1640 facere
958 1587 1130 1662 poteram;
1151 1579 1306 1661 legebam

112 1695 205 1758 enim
224 1696 267 1758 de
289 1695 451 1758 militibus
470 1696 582 1759 urbem
604 1697 816 1778 petentibus:
834 1697 968 1760 aliunde
979 1718 1060 1780 ergo
1073 1697 1120 1760 illi
1134 1705 1306 1761 venerant.

112 1814 160 1876 Et
192 1816 355 1897 quoniam
387 1813 497 1879 Ostiae
527 1817 560 1879 in
593 1817 703 1898 prima
733 1818 926 1880 narratione
959 1825 1031 1880 erat
1055 1816 1145 1879 facta
1165 1817 1304 1892 menti0,

115 1930 210 1997 Ostia
230 1932 305 1996 illos
324 1937 507 1998 accurrisse
528 1935 608 1998 mihi
629 1935 820 1999 constabat.
838 1937 994 2017 Denique
1008 1935 1041 1998 in
1055 1937 1177 1998 eodem
1194 1955 1306 1998 errore

113 2052 274 2116 versabar
308 2055 342 2116 in
375 2075 442 2136 quo
475 2054 621 2118 haesisse
653 2053 870 2117 Plutarchum
903 2074 991 2116 nunc
1023 2055 1147 2116 scimus
1178 2073 1307 2116 omnes.

114 2171 184 2236 Sed
216 2173 376 2254 quoniam
401 2173 631 2256 intelligebam
657 2174 704 2236 sic
728 2182 862 2236 ceterae
886 2173 1086 2236 narrationis
1110 2175 1307 2255 neutiquam

112 2301 271 2356 constare
306 2293 483 2369 rationem,
514 2295 635 2356 iterum
667 2295 858 2375 iterumque
890 2313 1022 2355 mecum
1053 2301 1164 2355 totum
1194 2291 1306 2354 locum

116 2408 309 2486 volvebam,
335 2411 444 2475 donec
468 2413 609 2475 tandem
633 2412 817 2495 aliquando
841 2413 923 2493 quid
949 2412 1088 2474 Tacitus
1110 2431 1173 2474 suo
1197 2410 1310 2474 urbem

116 2549 157 2591 ac
180 2528 352 2593 Palatium
377 2530 440 2592 sibi
464 2529 625 2593 voluisset
649 2529 891 2611 intelligebam.

161 2648 261 2711 Multi
285 2649 489 2712 transierunt
512 2650 592 2712 anni
617 2649 766 2731 mihique
794 2649 976 2712 Professori
1001 2649 1212 2713 Academico
1232 2669 1309 2712 cum

114 2767 404 2831 commilitonibus
425 2770 508 2831 meis
528 2769 667 2831 Tacitus
683 2769 846 2851 legendus
858 2778 940 2832 erat.
954 2770 1099 2852 Vesperi
1115 2777 1196 2833 tunc
1209 2771 1310 2832 certis

114 2887 236 2951 diebus
249 2889 388 2951 domum
401 2908 513 2951 meam
526 2889 777 2952 conveniebant
789 2889 961 2952 literarum
974 2889 1156 2963 candidati,
1171 2889 1310 2951 iuvenes

113 3007 197 3069 satis
229 3007 322 3070 docti
353 3016 388 3070 et
419 3006 551 3070 subacti
583 3008 707 3082 iudicii,
740 3017 777 3070 ut
809 3008 957 3071 suaviter
987 3007 1244 3071 confabulantes
1274 3009 1307 3070 in

114 3125 237 3189 Tacito
262 3126 472 3190 enucleando
498 3135 649 3189 mutuam
673 3128 883 3190 traderemus
907 3147 1057 3210 operam.
1078 3127 1135 3190 Ad
1157 3136 1309 3190 nostrum

115 3254 231 3308 autem
250 3244 362 3309 locum
384 3266 462 3308 cum
474 3246 744 3328 pervenissemus
756 3246 838 3328 quid
852 3245 1032 3309 videbam?
1046 3246 1178 3309 Eodem
1192 3265 1310 3309 omnes

116 3365 225 3428 teneri
248 3385 362 3428 errore
385 3367 443 3448 qui
468 3365 548 3428 mihi
570 3365 650 3428 olim
670 3373 722 3428 tot
742 3375 906 3448 tantaque
926 3366 1135 3429 exhibuisset
1156 3367 1309 3447 negotia!

118 3485 194 3566 Ego
218 3505 299 3548 vero
322 3487 507 3549 admodum
532 3485 614 3548 mihi
639 3484 826 3567 placebam,
852 3487 910 3567 qui
937 3486 1044 3549 tribus
1066 3485 1177 3548 verbis
1197 3486 1309 3548 urbem

115 3625 155 3666 ac
177 3603 350 3668 Palatium
375 3613 467 3666 recte
491 3604 664 3666 vertendis
689 3604 846 3667 nebulam
868 3604 958 3667 illam
980 3605 1143 3686 dissipare
1163 3624 1309 3685 possem.

116 3721 184 3785 Hic
215 3721 367 3805 plerique
396 3731 467 3786 tam
492 3724 620 3787 efficaci
644 3724 759 3786 statim
784 3744 902 3786 manus
926 3724 1055 3787 dabant
1078 3723 1249 3797 scientiae,
1275 3733 1311 3786 at

115 3862 201 3905 unus
227 3851 261 3904 et
285 3841 370 3906 alter
393 3843 599 3924 pertinacior
622 3852 712 3906 erat:
737 3842 954 3905 Plutarchum
977 3842 1177 3915 contulerat,
1200 3842 1248 3905 ita
1272 3850 1309 3905 ut

112 3961 146 4022 in
171 3961 282 4023 tenaci
304 3961 457 4024 haereret
477 3982 595 4036 coen0‚
617 3961 706 4024 unde
727 3961 880 4043 plantam
900 3960 1044 4023 evellere
1065 3980 1134 4022 non
1154 3961 1306 4024 auderet.

114 4079 192 4162 Ego
223 4100 313 4154 vero,
345 4081 397 4143 cui
424 4081 592 4144 Plutarchi
616 4089 847 4163 opponeretur
870 4080 1063 4155 auctoritas,
1088 4081 1146 4143 diu
1169 4116 1212 4126 -
1236 4079 1308 4142 infi-

114 4199 192 4262 tiari
225 4199 304 4261 nolo
327 4235 370 4246 -
395 4201 502 4262 tacui:
531 4201 612 4281 quid
638 4201 728 4262 enim
753 4199 921 4263 lacerem?
944 4200 1099 4264 Tandem
1124 4209 1250 4275 tamen,
1275 4220 1310 4262 re

116 4317 306 4380 accuratius
322 4319 502 4400 pensitata,
516 4318 720 4382 exclamavi:
735 4319 891 4383 Tacitum
904 4340 986 4402 ergo
999 4320 1101 4382 vertit
1114 4319 1311 4382 Plutarchus

116 4446 151 4500 et
170 4457 276 4520 prave
293 4437 415 4500 vertit.
430 4485 437 4499 .
452 4486 459 4500 .
474 4485 482 4500 .
496 4456 645 4519 ergoque
657 4436 871 4501 salsissimum
884 4458 957 4500 esse
969 4437 1157 4501 luculenter
1168 4445 1311 4520 apparet
