3266 5238
681 434 738 500 ¹35

153 601 252 663 Itane
284 597 386 662 vero?
417 600 475 662 Ex
503 621 562 664 suo
594 621 653 664 usu
686 600 707 664 i.
732 621 760 663 e.
793 608 831 663 ut
861 599 933 681 ipse
960 601 1065 663 tutius
1088 601 1304 685 securiusque

104 728 265 802 regnaret
295 718 493 783 Artabanus
525 719 633 803 plebis
663 721 853 802 potentiam
885 719 984 802 fregit
1015 728 1052 783 et
1082 722 1304 804 optimatibus

103 838 350 921 rempublicam
371 836 532 902 tradidit?
553 835 636 920 Quis
656 859 805 920 unquam
826 837 907 902 talia
927 837 1065 902 docuit?
1086 839 1209 904 Nonne
1230 849 1305 906 tota

103 959 247 1022 historia
277 965 421 1022 testatur
453 958 579 1021 nullam
604 977 677 1020 esse
701 958 881 1021 certiorem
906 958 1006 1033 viam,
1031 979 1098 1041 qua
1121 960 1164 1022 ad
1189 968 1304 1043 tyran·

103 1077 221 1140 uidem
246 1077 474 1159 perveniatur,
499 1096 602 1157 quam
626 1077 765 1139 nimiam
790 1075 899 1159 plebis
920 1078 1119 1159 potentiam,
1142 1099 1210 1142 non
1231 1100 1304 1144 esse

104 1196 188 1260 alias
208 1215 261 1258 res
282 1204 352 1260 tam
372 1197 460 1259 inter
479 1217 515 1259 se
535 1197 689 1260 inimicas
710 1217 812 1279 quam
832 1217 973 1280 regnum
994 1207 1029 1260 et
1046 1199 1303 1278 aristocratiam,

106 1326 140 1379 et
174 1313 282 1380 malos
313 1337 410 1399 reges
439 1316 472 1378 in
506 1316 615 1379 nullos
645 1315 729 1380 alios
760 1317 852 1379 cives
883 1325 954 1380 tam
985 1319 1114 1382 saevire
1143 1340 1245 1401 quam
1269 1321 1302 1384 in

108 1435 265 1498 homines
289 1455 421 1498 summo
444 1435 521 1498 loco
545 1433 664 1499 natos?
689 1436 918 1518 ignorabatne
938 1457 1020 1519 ergo
1040 1437 1189 1515 Tacitus,
1210 1440 1302 1522 quod

108 1576 197 1618 nunc
222 1577 266 1618 ne
289 1554 403 1638 pueris
426 1555 565 1636 quidem
589 1555 742 1637 ignotum
766 1563 828 1630 est,
850 1556 1038 1619 dummodo
1057 1556 1171 1622 Ovidii
1193 1578 1304 1622 narra·

108 1675 293 1738 tinnculam
319 1675 361 1738 de
385 1675 560 1756 Tarquinii
585 1683 769 1758 praecepto
790 1675 986 1757 necatisque
1008 1676 1194 1740 Gabiorum
1215 1679 1304 1760 prin·

107 1797 239 1878 cipibus
269 1792 434 1877 legerint?
464 1793 564 1858 Certe
588 1793 753 1857 hocloco
777 1794 825 1856 rei
849 1803 919 1857 tam
943 1803 1056 1858 certae
1080 1805 1218 1878 tamque
1243 1818 1304 1860 usu

107 1915 260 1978 firmatae
293 1914 470 1978 immemor
501 1915 644 1978 videtur.
678 1913 756 1976 Non
780 1913 872 1977 enim
896 1914 1098 1979 facilesmihi
1124 1918 1304 1999 persuade·

108 2034 198 2098 bitur
216 2035 264 2098 ad
279 2033 364 2098 solos
382 2033 532 2098 Parthos
552 2033 657 2097 verba
678 2032 780 2095 allata
799 2034 979 2115 pertinere.
1002 2033 1079 2097 Hoc
1099 2035 1126 2098 si
1143 2033 1304 2099 voluisset

108 2155 256 2230 Tacitus,
289 2153 424 2216 disertis
454 2152 658 2216 declarasset
690 2151 803 2215 verbis
834 2150 897 2214 hac
922 2151 955 2215 in
981 2173 1015 2214 re
1040 2153 1185 2216 Parthici
1210 2155 1303 2236 regni

109 2274 342 2338 conditionem
361 2272 460 2355 plane
477 2279 666 2334 ceterorum
685 2270 888 2353 populorum
901 2291 1150 2354 regnorumque
1164 2281 1303 2336 naturae

110 2395 209 2458 luisse
234 2394 439 2477 oppositam.
461 2392 561 2455 Nunc
582 2411 662 2454 vero
683 2391 730 2453 ita
750 2390 900 2473 loquitur
919 2399 955 2454 ut
974 2411 1052 2454 eum
1073 2393 1115 2455 de
1136 2393 1303 2469 omnibus,

111 2535 197 2597 quae
220 2523 300 2578 sunt
323 2522 426 2595 atque
451 2513 595 2586 luerunt,
619 2510 814 2574 civitatibus
837 2511 987 2593 cogitare
1011 2512 1053 2574 sit
1078 2513 1303 2595 perspicuum.

158 2635 218 2698 Est
241 2642 277 2698 et
299 2633 384 2698 alius
405 2633 498 2696 locus
518 2633 610 2696 omni
631 2631 829 2713 disciplinae
850 2631 1008 2714 politicae
1029 2634 1226 2708 contrarius,
1246 2635 1303 2716 qui

111 2754 250 2818 vitiosus
272 2754 413 2837 quidem
437 2753 581 2816 traditus
600 2759 652 2814 est
672 2751 866 2833 nequedum
886 2751 920 2814 in
940 2751 1109 2833 integrum
1130 2753 1304 2815 restitutus

112 2875 244 2938 videtur
279 2875 324 2956 (v.
356 2894 389 2956 p.
421 2872 485 2953 88),
514 2872 573 2934 sed
604 2890 809 2953 quocunque
837 2871 941 2933 modo
968 2891 1045 2934 eum
1073 2872 1303 2948 emendamus,

111 3001 262 3057 remanet
295 2992 415 3056 vitium
446 2992 538 3073 quod
570 3010 659 3053 nunc
686 2989 825 3053 notabo.
851 2988 895 3052 H.
920 2988 965 3065 II,
990 2990 1021 3053 6.
1047 2991 1194 3054 Muciani
1219 2992 1303 3055 Ves-

113 3113 308 3196 pasianique
338 3111 462 3175 milites
493 3110 632 3192 cognito
668 3109 813 3192 primum
838 3108 1023 3186 Othonem,
1047 3112 1171 3175 deinde
1196 3111 1304 3175 Vitel-

113 3235 192 3298 lium
222 3254 283 3318 per
310 3231 420 3296 scelus
441 3231 620 3313 imperium
645 3230 806 3312 rapuisse,
831 3229 1052 3294 vehementer
1075 3232 1303 3314 indignantur,

114 3353 267 3429 fremunt,
293 3353 381 3416 vires
404 3371 481 3414 suas
504 3349 790 3432 circumspiciunt.
817 3347 977 3432 Sequitur
1000 3371 1028 3414 c.
1055 3368 1097 3438 7:¹

160 3475 256 3554 ,Non
281 3471 420 3536 fallebat
444 3471 547 3534 duces
569 3471 717 3552 impetus
740 3468 895 3545 militum,
919 3471 978 3533 sed
1003 3470 1208 3534 bellantibus
1231 3471 1304 3534 aliis

115 3593 238 3676 placuit
257 3592 442 3676 expectari.
464 3589 593 3655 Bellum
613 3610 690 3653 cum
712 3590 750 3652 In
770 3591 917 3652 victores
937 3590 1113 3671 victosque
1130 3611 1303 3672 nunquam

116 3712 220 3776 solida
248 3713 317 3777 lide
348 3710 555 3786 coalescere;
588 3729 651 3772 nec
681 3707 815 3782 referre,
847 3706 1022 3769 Vitellium
1055 3727 1097 3769 an
1129 3706 1302 3772 Othonem

116 3833 330 3914 superstitem
353 3830 488 3894 fortuna
512 3825 670 3892 laceret”.

160 3952 194 4014 In
219 3972 292 4016 cum
316 3951 358 4014 In
374 3947 396 4032 ¹)
420 3948 524 4012 latere
548 3967 663 4011 casum
687 3946 834 4028 aliquem
855 3943 908 4006 vel
928 3943 1131 4007 substantivi
1150 3945 1232 4009 civis
1250 3945 1304 4009 vel

115 4071 271 4136 adiectivi
302 4069 411 4134 civilis
440 4069 536 4133 multi
562 4068 738 4141 viderunt;
763 4085 844 4147 ergo
869 4063 1063 4147 propositae
1087 4073 1165 4128 sunt
1189 4064 1303 4127 lectio·

118 4212 189 4257 nes:
214 4192 290 4256 belli
312 4190 429 4267 civilis,
454 4189 535 4253 bello
559 4189 691 4262 civium,
716 4185 874 4250 bellorum
898 4184 1055 4260 civilium,
1078 4203 1164 4266 quae
1185 4202 1304 4245 omnes

132 4358 322 4368 ——-——-

158 4444 227 4510 t)1n
245 4444 359 4511 imagine
380 4442 552 4508 phototypica
570 4439 623 4508 legi
643 4437 735 4502 nequit
755 4435 797 4485 hic
816 4435 898 4486 locus.
