3228 5236
878 412 942 459 210

309 575 430 658 aliquis
441 576 562 638 recitet
574 577 652 638 ista:
667 595 901 658 „nequaquam
915 575 987 657 pari
1001 573 1195 636 innocentia
1208 581 1287 654 post
1299 570 1502 636 Cremonam

310 694 473 778 agebat'':
498 695 613 758 statim
638 695 756 758 vitium
781 695 915 758 sentiet.

355 815 399 878 H.
436 815 496 890 Ill,
533 832 585 897 73.
630 814 835 897 Capitolium
870 813 1148 896 aggredientibus
1182 811 1385 887 Vitellianis,
1421 814 1503 877 dum

311 934 456 998 Sabinus
479 935 561 1015 quid
585 935 619 997 in
644 942 741 997 tanto
765 952 875 996 rerum
901 933 1094 995 discrimine
1118 941 1197 1012 agat
1222 932 1344 994 dubius
1367 930 1502 994 haeret:

314 1055 531 1136 ,inrumpunt
555 1053 790 1116 Vitelliani'et
814 1061 938 1116 cuncta
960 1052 1048 1114 ferro
1073 1051 1277 1132 flammaque
1303 1050 1479 1114 miscent.”

357 1173 408 1236 De
440 1174 515 1254 ipso
544 1171 714 1254 Capitolio
744 1192 855 1248 sermo
878 1171 933 1234 hic
958 1181 1020 1245 est,
1044 1172 1087 1233 de
1112 1170 1315 1244 hominibus
1339 1169 1396 1253 qui
1421 1180 1504 1234 tunc

311 1293 412 1355 occisi
436 1299 524 1365 sunt,
548 1292 582 1353 in
606 1290 827 1372 sequentibus
851 1292 970 1373 agitur.
995 1288 1156 1354 Consudit
1180 1309 1261 1371 ergo
1284 1291 1503 1372 corrupitque

312 1411 436 1484 omnia,
469 1411 526 1492 qui
558 1411 697 1473 inseruit
727 1412 897 1494 sanguine.
930 1409 1008 1472 Non
1040 1410 1131 1472 enim
1163 1408 1361 1491 languidum
1393 1409 1503 1472 solum

311 1540 363 1593 est
393 1530 554 1613 sanguine
576 1531 682 1612 ferra
702 1531 920 1615 flammaque,
952 1531 1023 1605 sed,
1057 1529 1120 1592 nisi
1154 1549 1208 1592 me
1233 1529 1352 1592 fallunt
1376 1530 1502 1603 omnia,

313 1670 355 1712 ne
380 1649 540 1712 Latinum
565 1649 715 1730 quidem.

358 1770 407 1832 lb.
443 1769 713 1851 Irrumpentibus
749 1770 782 1831 in
819 1768 1024 1851 Capitolium
1062 1767 1264 1842 Vitellianis,
1300 1767 1410 1830 Flavii
1446 1767 1506 1832 Sa·

312 1889 382 1952 bini
406 1889 530 1951 milites
554 1889 655 1950 variis
677 1888 806 1951 artibus
831 1888 984 1970 dolisque
1008 1888 1152 1950 salutem
1176 1887 1433 1968 quaesiveruntz

360 2007 481 2088 ,suero
514 2007 570 2088 qui
602 2016 749 2090 excepto
782 2007 1044 2071 Vitellianorum
1076 2007 1173 2088 signo
1204 2007 1293 2070 ultro
1317 2008 1506 2089 rogitantes

314 2128 490 2191 audaciam
515 2147 577 2209 pro
601 2127 731 2190 latebra
756 2127 955 2190 haberent.”

359 2247 556 2310 Planissima
579 2248 679 2324 haec;
705 2267 806 2310 nemo
827 2249 919 2311 enim
938 2247 991 2311 vel
1009 2249 1225 2310 mediocriter
1243 2247 1366 2310 Latine
1383 2247 1505 2310 doctus

315 2368 357 2430 de
376 2387 445 2450 quo
463 2367 517 2430 hic
535 2366 630 2450 signo
646 2367 691 2429 sit
707 2387 818 2429 sermo
837 2368 1019 2430 dubitabit.
1038 2367 1169 2430 Tamen
1190 2367 1401 2449 Nipperdcio
1419 2387 1505 2449 opus

314 2487 386 2562 suit,
411 2489 469 2568 qui
490 2487 618 2569 primus
638 2486 799 2550 insulsum
820 2487 955 2550 tolleret
975 2489 1316 2569 interpretamentum
1336 2507 1398 2568 qua
1418 2487 1507 2550 inter

314 2629 348 2670 se
365 2605 588 2681 nascebantur,
607 2608 698 2688 quod
718 2607 761 2669 ad
775 2606 861 2669 illius
875 2627 979 2688 usque
993 2615 1143 2669 aetatem
1157 2607 1231 2668 voci
1245 2605 1291 2667 illi
1305 2606 1505 2668 adiunctum

315 2726 387 2790 suit.
413 2725 457 2788 Et
475 2746 518 2788 ne
536 2726 602 2788 hoc
620 2727 758 2807 quidem
777 2726 1013 2789 additamento
1031 2705 1212 2788 contentus
1225 2724 1286 2787 suit
1299 2724 1432 2799 sciolus,
1445 2727 1505 2788 sed

315 2853 491 2926 praeterea
514 2846 693 2928 adscripsit
717 2845 854 2926 aliquid,
879 2845 982 2926 quod,
1006 2846 1089 2907 item
1109 2845 1142 2906 in
1163 2852 1296 2906 textum
1318 2851 1505 2925 receptum,

316 2965 478 3027 maiorem
508 2965 612 3027 etiam
641 2965 672 3026 ei
702 2963 816 3026 labem
844 2963 976 3026 attulit:
1008 2963 1161 3026 Flaviani
1191 2961 1237 3025 illi
1267 2962 1401 3036 milites,
1427 2983 1505 3024 cum

314 3083 419 3147 semel
448 3083 709 3146 Vitellianorum
734 3084 867 3165 signum
892 3083 1122 3165 excepissent,
1147 3083 1173 3145 si
1200 3083 1232 3145 in
1258 3082 1422 3156 hostium,
1445 3084 1505 3163 qui

316 3203 383 3265 iam
396 3211 677 3284 expugnaverant
686 3203 902 3285 Capitolium,
913 3203 1102 3264 inciderent
1115 3202 1273 3282 aliquem,
1284 3221 1352 3264 non
1366 3221 1506 3283 exspec-

314 3322 435 3384 tabant
452 3324 563 3384 donec
582 3324 625 3384 ab
645 3322 708 3385 illis
725 3325 859 3404 signum
876 3330 1091 3404 rogarentur,
1111 3324 1171 3386 sed
1190 3321 1279 3385 ultro
1298 3320 1504 3404 rogitabant:

312 3449 579 3504 consentaneum
603 3441 684 3504 illud
710 3450 760 3505 est
781 3451 816 3504 et
837 3442 935 3504 unice
955 3443 989 3505 in
1009 3442 1097 3503 hunc
1115 3460 1229 3503 casum
1248 3441 1418 3502 convenit.
1455 3439 1506 3502 At

310 3559 550 3623 absurdissime
563 3559 595 3621 in
610 3560 728 3622 codice
741 3560 878 3642 legitur:
892 3560 999 3640 ,ultro
1012 3561 1199 3641 rogitantes
1208 3558 1505 3644 respondentesve.”

311 3678 396 3744 Cum
429 3679 645 3762 respondendi
675 3681 765 3742 enim
797 3681 903 3742 verbo
936 3678 1027 3742 nullo
1060 3681 1164 3742 modo
1191 3678 1392 3742 adverbium
1416 3679 1506 3742 ultro

310 3799 469 3880 coniungi
491 3807 614 3881 potest,
636 3807 671 3861 et
692 3800 795 3880 quod,
817 3808 979 3861 tesseram
1002 3799 1120 3880 rogati,
1142 3799 1336 3880 respondent
1353 3800 1388 3861 in
1408 3819 1449 3862 ea
1469 3819 1504 3862 re

310 3917 470 3981 audaciae
493 3919 575 3982 nihil
599 3927 661 3982 est.

356 4037 400 4100 H.
434 4038 493 4113 ΙΙΙ,
525 4039 576 4118 83.
606 4038 774 4101 Proelium
799 4039 887 4102 inter
911 4038 1093 4100 Flavianos
1119 4037 1388 4118 Vitellianosque
1413 4057 1504 4100 com-

312 4159 457 4221 mittitur
480 4157 513 4218 in
539 4175 661 4238 campo
687 4158 828 4221 Martio:

360 4275 511 4355 ,Aderat
543 4277 772 4356 pugnantibus
802 4286 976 4359 spectator
1008 4275 1163 4358 populus,
1188 4285 1292 4357 utque
1316 4277 1350 4339 in
1374 4276 1505 4339 ludicro

310 4395 507 4470 certamine,
526 4393 597 4470 hos,
615 4416 727 4460 rursus
745 4397 829 4472 illos,
848 4399 995 4460 clamore
1009 4407 1043 4460 et
1056 4397 1173 4480 plausu
1187 4396 1336 4459 fovebat.
1362 4395 1505 4478 Quoties
