3258 5240
689 1455 750 1519 IV.

167 1681 267 1743 Nunc
287 1701 391 1742 unum
410 1679 622 1762 alterumque
642 1680 755 1744 locum
776 1681 944 1756 indicabo,
964 1680 1020 1742 ubi
1035 1681 1198 1743 hactenus
1210 1700 1314 1742 unum

119 1800 326 1864 vocabulum
346 1821 414 1863 non
435 1803 517 1864 satis
536 1810 691 1864 accurate
714 1810 892 1883 acceptum
915 1802 1078 1875 videatur,
1099 1820 1168 1881 quo
1187 1799 1314 1862 factum

119 1921 164 1983 sit
189 1929 226 1983 ut
249 1928 323 1983 tota
347 1920 412 1982 loci
435 1921 672 2002 interpretatio
696 1921 816 1983 vitium
840 1920 1045 2001 conciperet.

167 2041 232 2103 Hic
265 2040 346 2102 mihi
378 2040 616 2122 disputationis
647 2061 742 2103 meae
774 2040 907 2102 initium
932 2038 1073 2121 praebet
1098 2039 1154 2100 Fr.
1179 2036 1312 2112 Pollius,

120 2159 180 2240 qui
211 2159 410 2221 suavissimo
442 2159 708 2241 doctissimoque
731 2158 846 2221 libello
870 2179 957 2240 quae
980 2159 1047 2220 sint
1073 2157 1162 2239 vulgi
1188 2158 1230 2219 de
1255 2157 1315 2219 lin·

120 2299 209 2361 guae
241 2278 371 2340 ratione
396 2279 574 2360 opiniones
590 2276 610 2360 ¹)
635 2279 747 2341 docet.
774 2280 806 2341 Is
830 2279 920 2341 enim
944 2278 990 2340 ibi
1015 2279 1102 2340 inter
1126 2297 1161 2340 se
1186 2275 1316 2339 confert

124 2398 293 2461 Herodoti
317 2397 429 2460 locum
455 2397 494 2460 L.
516 2397 613 2473 VIII,
634 2417 662 2460 c.
689 2415 750 2477 140
769 2406 804 2460 et
825 2397 1066 2460 Demosthenis
1086 2417 1118 2478 p.
1140 2397 1192 2471 68,
1213 2405 1316 2476 atque

124 2519 169 2580 de
192 2516 256 2578 illis
278 2517 326 2580 sic
351 2517 520 2599 disputat:

170 2635 349 2698 Herodoto
369 2645 507 2700 auctore
527 2635 726 2699 Alexander
744 2638 890 2700 Macedo
904 2637 1072 2700 Mardonii
1086 2637 1196 2699 verbis
1209 2635 1317 2698 Athe·

123 2754 297 2818 niensibus
319 2763 453 2818 tantum
478 2776 546 2818 non
569 2757 640 2819 auri
665 2765 799 2819 montes
820 2756 998 2838 pollicetur
1018 2757 1205 2818 dummodo
1226 2774 1318 2817 com·

124 2893 264 2936 munem
277 2873 437 2936 Graeciae
450 2895 585 2937 causam
598 2875 759 2938 omittant
772 2875 927 2958 regisque
940 2876 1116 2938 Persarum
1130 2875 1212 2937 fiant
1224 2875 1316 2936 socii.

170 2991 221 3056 At
245 2993 494 3056 Demosthenes
518 2993 601 3056 haec
626 2993 746 3056 habet:

171 3110 301 3190 εὑρίσκει
338 3111 400 3190 γὰρ
431 3112 630 3195 (Philippus)
660 3111 729 3181 τοὺς
762 3115 818 3188 μὲν
849 3112 1011 3192 ὑμετέρους
1042 3111 1218 3191 προγόνους,
1251 3111 1316 3188 ἐξὸν

125 3232 233 3301 αὐτοῖς
254 3235 312 3294 τῶν
334 3237 447 3294 λοιπῶν
467 3228 577 3310 ἄρχειν
595 3231 751 3300 Ἑλλήνων
771 3229 843 3295 ὥστ’
862 3233 975 3304 αὐτοὺς
995 3232 1159 3296 ὑπακούειν
1172 3233 1315 3308 βασιλεῖ,

125 3351 158 3414 οὐ
184 3347 276 3426 μόνον
299 3351 353 3414 οὐκ
373 3348 609 3430 ἀνασχομένους
633 3353 683 3414 τὸν
706 3349 799 3427 λόγον
819 3356 937 3422 τοῦτον,
960 3351 1036 3425 ἡνίκ’
1057 3347 1144 3424 ἦλθεν
1165 3352 1317 3428 Ἀλέξαν-

126 3471 192 3550 δοος
216 3469 230 3532 d
257 3468 372 3534 τούτων
396 3471 448 3554 (L.
472 3469 594 3553 τούτου)
619 3468 763 3549 πρόγονος
789 3470 856 3550 περὶ
881 3471 997 3536 τούτων
1021 3471 1115 3550 resipui
1139 3473 1204 3536 κτὲ.

175 3591 371 3672 „Traditum
395 3600 447 3654 est
467 3593 511 3654 ab
531 3591 714 3654 historico’'
735 3590 859 3655 Pollius
878 3593 925 3655 ait
949 3593 1127 3676 „petivisse
1146 3594 1190 3656 ab
1211 3593 1318 3656 Athe-

124 3711 299 3774 niensibus
322 3709 558 3773 Alexandrum
582 3719 619 3772 ut
643 3711 730 3793 regis
754 3711 872 3773 fierent
891 3713 970 3774 socii
988 3711 1086 3773 liberi
1092 3738 1099 3785 ;
1120 3719 1155 3773 at
1176 3712 1318 3774 Demos·

124 3831 247 3893 thenes
282 3829 380 3892 finxit
414 3850 537 3912 aquam
573 3838 764 3911 terramque
797 3831 983 3913 postulasse
1015 3850 1093 3892 eum
1125 3839 1159 3893 et
1184 3831 1317 3915 plenam

118 3951 372 4033 perfectamque
390 3949 593 4012 deditionem.
616 3949 759 4023 Revera,
780 3949 806 4010 si
826 3948 952 4031 logices
965 3949 1129 4013 habemus
1142 3952 1319 4027 rationem,

123 4069 174 4132 sic
207 4068 279 4150 ipse
310 4067 561 4130 Demosthenes
586 4067 655 4129 vim
679 4068 868 4148 argumenti
893 4069 943 4131 sui
967 4070 1124 4147 infirmat,
1151 4092 1319 4153 namquo

124 4187 238 4250 minus
271 4185 417 4248 odiosum
453 4184 552 4248 fuerit
587 4186 717 4267 antiqui
753 4185 839 4248 illlus
871 4187 1069 4250 Macedonis
1101 4188 1320 4271 postulatum,

164 4432 192 4500 1)
213 4432 254 4481 Fr.
275 4431 357 4498 Folle,
376 4431 436 4482 Wie
455 4431 537 4482 deukt
555 4431 600 4482 das
620 4431 690 4480 Volk
709 4432 772 4481 fiber
791 4432 834 4483 die
853 4433 984 4500 Sprache?
