3266 5238
678 442 734 503 141

107 606 299 688 imperante
331 603 547 668 Domitiano:
579 612 652 667 tum
683 603 774 666 enim
806 611 926 686 stupor
956 603 1097 685 quidam
1126 611 1160 666 et
1184 611 1302 686 torpor

107 725 261 788 omniurn
294 725 416 788 invasit
447 725 589 798 animos,
621 723 716 804 isque
748 723 794 805 (id
826 723 919 804 quod
943 723 987 786 ad
1013 730 1165 786 nostrum
1190 723 1302 787 locum

106 845 344 908 illustrandum
379 844 477 908 unice
509 863 624 906 veram
655 841 752 904 affert
783 841 905 926 lucem)
937 841 1035 906 simul
1069 843 1301 907 Romanorum

107 973 242 1027 mentes
272 963 359 1027 adeo
390 961 567 1025 hebetavit
597 962 739 1043 utquid
764 960 947 1026 honestum
969 970 1069 1038 esset,
1094 963 1176 1044 quid
1200 971 1300 1046 turpe

105 1092 142 1146 et
174 1083 437 1165 ignominiosum
469 1089 528 1146 aut
558 1080 726 1144 nescirent
756 1088 815 1144 aut
845 1101 913 1144 non
937 1082 1103 1144 sentirent
1126 1090 1161 1145 et
1184 1103 1301 1146 curare

104 1201 330 1284 negligerent.
363 1200 501 1264 Etenim
532 1208 605 1264 turn
640 1208 794 1280 ,nostrae
825 1200 857 1282 (i.
882 1221 912 1263 e.
936 1181 1142 1285 sebatorum)
1173 1202 1300 1266 duxere

106 1319 307 1384 Helvidium
328 1319 361 1383 in
381 1339 551 1383 carcerem
565 1339 694 1394 manus,
707 1339 769 1381 nos
783 1319 923 1382 Maurici
938 1321 1136 1402 Rusticique
1149 1322 1239 1385 visus
1252 1321 1299 1406 (l),
1364 1307 1366 1312 ¹

105 1459 170 1501 nos
201 1439 375 1502 innocenti
406 1439 569 1521 sanguine
600 1437 745 1503 Senecio
776 1438 957 1521 perfudit”,
988 1448 1026 1504 ut
1050 1441 1122 1522 ipse
1148 1441 1298 1505 declarat

104 1559 248 1622 Tacitus
271 1558 366 1641 (Agr.
389 1559 456 1641 45),
477 1578 565 1640 quae
586 1557 690 1622 verba
709 1578 813 1639 quam
833 1559 1032 1622 contineant
1051 1559 1299 1624 consessionem

103 1678 140 1740 et
176 1677 336 1761 proximo
365 1698 455 1741 anno
487 1678 622 1760 egregie
653 1677 850 1741 Boissierius
882 1679 1051 1760 exposuit,
1083 1687 1117 1741 et
1148 1679 1300 1743 eiusdem

103 1798 205 1860 diarii
226 1818 268 1860 eo
288 1796 457 1879 fasciculo,
477 1817 580 1879 quem
602 1797 704 1860 modo
724 1796 917 1871 laudabam,
933 1797 960 1860 si
973 1796 1045 1860 fieri
1058 1805 1183 1879 potest,
1197 1800 1300 1863 etiam

103 1917 320 1982 luculentius.
352 1918 444 2000 Ergo
474 1916 619 1982 crudelis
650 1916 706 1980 illa
738 1917 925 1980 Domitiani
951 1919 1107 1999 tyrannis
1130 1918 1299 2001 plerisque

102 2038 237 2100 ademit
257 2057 325 2100 non
345 2037 560 2119 prudentiam
581 2044 714 2099 tantum
733 2035 868 2099 civilem
888 2044 923 2099 et
942 2036 1128 2118 politicam,
1140 2039 1183 2101 ad
1198 2058 1299 2120 quam

102 2177 242 2240 semper
274 2157 371 2240 pauci
402 2163 536 2219 tantum
567 2156 744 2237 pervenire
775 2155 895 2229 solent,
927 2156 986 2218 sed
1012 2157 1115 2219 etiam
1139 2157 1298 2222 virtutem

102 2287 138 2340 et
171 2277 376 2360 dignitatern
408 2275 553 2350 civilem,
577 2276 671 2339 cuius
695 2275 749 2338 vel
773 2276 806 2339 in
831 2275 937 2338 libera
961 2276 1135 2358 republica
1159 2277 1212 2341 vel
1236 2280 1299 2342 sub

102 2399 248 2462 domino
278 2398 439 2479 aequiore
471 2405 505 2460 et
536 2395 664 2460 leniore
694 2395 879 2458 admodum
904 2395 1003 2478 pauci
1026 2404 1105 2459 sunt
1129 2405 1297 2479 expertes.

103 2519 181 2582 Hos
206 2537 324 2582 omnes
348 2537 437 2581 nune
461 2517 602 2580 meliora
625 2515 784 2579 edocebit
805 2515 944 2579 Tacitus
952 2542 960 2592 ;
982 2516 1170 2580 Domitiani
1191 2517 1299 2598 qualis

101 2647 196 2702 esset
231 2638 419 2701 dominatio
453 2635 612 2718 aequales
647 2642 738 2698 recte
774 2635 964 2717 perspicere
995 2643 1030 2697 et
1060 2637 1185 2698 sentire
1218 2657 1299 2718 prae

101 2765 245 2841 torpore
278 2778 344 2821 non
377 2764 577 2840 potuerunt;
611 2755 675 2819 hoc
708 2755 870 2818 damnum
899 2755 1039 2818 Tacitus
1062 2758 1300 2839 compensabit

100 2885 262 2941 accurate
286 2875 412 2939 Tiberii
436 2875 586 2938 facinora
609 2875 808 2938 enarrando.
833 2873 961 2938 Tiberii
986 2894 1067 2956 ergo
1086 2883 1222 2959 tempus
1242 2877 1300 2940 illo

100 3004 264 3059 narrante
288 2996 429 3059 alterurn
455 2993 641 3058 Domitiani
665 3001 801 3076 tempus
826 2993 895 3068 fiet,
919 2993 1047 3056 Tiberii
1073 2993 1161 3058 lacta
1182 2996 1299 3060 Domi·

100 3115 189 3178 tiani
223 3115 439 3179 atrocitatem
473 3114 694 3197 explicabunt
729 3112 1023 3196 illustrabuntque.
1060 3115 1106 3178 Et
1141 3117 1300 3182 miremur

100 3237 220 3311 etiam,
241 3236 298 3318 qui
319 3234 381 3298 hac
401 3242 515 3298 aetate
535 3233 692 3297 Tacitum
712 3241 869 3297 accurate
889 3233 1019 3316 legerit,
1040 3235 1070 3298 ei
1087 3244 1158 3300 tam
1174 3237 1300 3302 similes

100 3357 193 3420 inter
215 3375 251 3418 se
276 3355 510 3419 Domitianum
534 3362 568 3417 et
592 3353 767 3417 Tiberium
791 3352 919 3417 videri?

147 3475 272 3550 Taciti,
296 3476 339 3538 de
364 3474 623 3557 imperatoribus
647 3494 666 3536 e
690 3474 848 3554 gentibus
874 3473 958 3536 lulia
982 3473 1190 3557 Claudiaqne
1215 3478 1299 3541 iudi·

100 3596 194 3658 cium
224 3593 362 3657 serentis
385 3614 472 3676 quae
495 3594 538 3657 sit
565 3591 668 3674 „fides
692 3591 885 3668 historica”,
909 3593 1038 3656 dudum
1062 3593 1158 3656 multi
1184 3595 1298 3678 dispu-

99 3721 219 3776 tarunt
250 3720 285 3775 et
316 3713 401 3776 acris
432 3711 493 3774 luit
523 3712 567 3774 de
594 3711 656 3775 hac
682 3733 717 3775 re
742 3713 828 3775 inter
852 3713 941 3775 viros
964 3713 1085 3775 doctos
1109 3716 1296 3779 contentio.

101 3833 140 3895 In
163 3853 205 3896 eo
225 3839 341 3894 autem
360 3839 469 3895 totam
490 3831 674 3894 consistere
695 3851 830 3894 causam
851 3839 887 3894 ut
903 3838 1083 3912 quaeratur
1101 3832 1144 3895 de
1165 3833 1296 3900 Tiberio

99 3959 216 4015 utrum
236 3970 365 4031 aequus
384 3970 427 4014 an
448 3950 590 4033 cupidus
610 3950 713 4014 iudex
735 3948 834 4012 suerit
853 3949 1002 4026 Tacitus,
1023 3971 1158 4036 semper
1177 3974 1296 4018 omnes

99 4071 343 4134 intellexerunt
375 4079 409 4134 et
438 4071 628 4152 nuperrime
652 4069 787 4132 disertis
811 4069 923 4132 verbis
946 4074 1179 4152 pronuntiavit
1203 4074 1296 4136 Bois·

98 4192 229 4254 sierius.
262 4191 369 4254 Recte
397 4210 478 4273 ergo
502 4191 689 4254 Karstenus
713 4196 854 4264 nostras,
880 4209 957 4252 cum
981 4191 1015 4253 in
1039 4191 1126 4256 hanc
1150 4213 1221 4256 rem
1246 4193 1295 4256 in·

99 4311 262 4393 quireret,
293 4329 334 4372 ea
365 4309 563 4392 praesertim
594 4307 731 4390 collegit
762 4327 850 4390 quae
882 4309 925 4372 de
956 4308 1094 4373 Tiberio
1125 4331 1144 4374 a
1172 4311 1293 4375 Tacito

98 4451 221 4514 parum
246 4450 326 4494 vere
346 4439 479 4494 narrata
499 4430 704 4494 viderentur.
725 4428 828 4493 Cuius
847 4427 979 4492 libellus
999 4429 1076 4512 („de
1097 4429 1164 4494 fide
1184 4431 1294 4496 Taciti
