3266 5238
889 417 931 486 72

309 583 491 645 tummodo
524 580 636 644 verbis
666 581 714 644 ita
744 581 937 664 scripsisset,
971 601 1059 664 quae
1086 591 1157 644 tam
1182 581 1344 664 languida
1367 592 1445 646 sunt
1471 593 1507 647 ut

309 703 344 765 in
377 701 469 764 nullo
500 702 663 783 scriptore
695 702 820 764 nedum
853 701 974 764 Tacito
1006 701 1082 764 ferri
1115 703 1256 784 possint,
1282 722 1343 786 pro
1367 704 1508 768 additur

190 869 196 886 .
310 821 492 904 legendum
516 839 639 882 censeo
662 821 795 884 addidit
818 821 871 884 vel
896 822 1009 903 potius
1032 822 1136 895 addit,
1162 823 1256 902 quod
1281 841 1384 904 quam
1410 823 1508 886 facile

310 941 343 1001 in
367 939 506 1002 additur
530 939 698 1021 corrumpi
724 940 874 1021 potuerit
897 941 1040 1022 quisque
1064 940 1175 1016 videt;
1200 961 1269 1022 quo
1293 942 1378 1005 vitio
1399 943 1512 1006 semel·

309 1061 501 1134 commissO,
525 1067 562 1122 ut
585 1066 700 1122 tamen
724 1058 838 1140 aliquo
864 1061 967 1122 modo
992 1060 1190 1123 cohaereret
1213 1062 1394 1136 sententia,
1415 1062 1505 1124 istud

309 1181 358 1243 ita
381 1179 568 1262 scripsisset
591 1187 711 1261 postea
734 1187 785 1241 est
810 1180 985 1242 insertum.

355 1297 446 1361 Anu.
479 1297 557 1373 XV,
592 1311 642 1380 59.
681 1298 867 1378 „Immotus
901 1298 953 1361 his
985 1299 1182 1380 (amicornm
1214 1300 1505 1364 admonitionibus

310 1417 397 1498 Piso)
429 1425 464 1480 et
495 1415 667 1499 paululum
699 1417 733 1479 in
765 1417 902 1499 publico
934 1427 1096 1494 versatus,
1129 1427 1206 1501 post
1237 1419 1331 1481 domi
1355 1429 1505 1483 secretus

308 1538 459 1600 animum
491 1537 670 1600 adversum
702 1556 860 1619 suprema
891 1536 1057 1612 firmabat,
1081 1538 1192 1601 donec
1216 1557 1336 1601 manus
1359 1538 1504 1601 militum

308 1658 497 1732 adveniret,
517 1676 603 1740 quos
624 1656 716 1719 Nero
737 1657 864 1719 tirones
884 1666 942 1720 aut
957 1657 1136 1739 stipendiis
1149 1667 1301 1721 recentes
1314 1659 1504 1741 delegerat:

310 1799 388 1842 nam
413 1787 511 1841 vetus
536 1777 631 1840 miles
654 1776 839 1840 timebatur
862 1798 1062 1859 quamquam
1088 1777 1203 1840 favore
1226 1778 1408 1842 imbutus'’.

354 1897 409 1962 Sic
436 1897 620 1972 Mediceus,
645 1898 705 1960 sed
729 1896 819 1959 hand
845 1896 947 1959 dubie
972 1917 1089 1960 verum
1114 1897 1199 1960 vidit
1225 1897 1421 1974 Rhenanus,
1447 1900 1505 1981 qui

309 2029 479 2100 tamquam
510 2017 696 2100 proposuit.
726 2014 816 2097 Quid
842 2015 954 2080 enim?
980 2017 1070 2099 Erga
1092 2025 1205 2080 utrum
1230 2017 1375 2081 militum
1392 2020 1506 2101 favor

309 2157 382 2201 esse
414 2146 448 2200 et
479 2137 620 2218 cogitari
653 2144 777 2219 potest,
808 2156 888 2218 erga
919 2137 1085 2201 ducemne
1117 2157 1224 2212 suum,
1258 2139 1321 2201 rite
1352 2147 1505 2202 creatum

310 2257 442 2338 riteque
474 2257 555 2338 ipsis
586 2256 827 2338 praepositum,
859 2276 901 2318 an
933 2276 1013 2338 erga
1045 2276 1133 2332 eum,
1166 2257 1223 2339 qui
1256 2257 1359 2322 fidem
1386 2278 1505 2322 eorum

309 2375 489 2438 sollicitare
520 2372 656 2438 studet?
690 2374 860 2456 Equidem
890 2395 958 2437 non
988 2375 1109 2439 dubito
1135 2376 1216 2457 quin
1242 2377 1357 2460 inepte
1381 2377 1506 2442 milites

308 2497 507 2579 imperatori
528 2515 586 2558 sua
603 2496 729 2578 favere
751 2495 916 2569 dicantur,
940 2495 999 2556 sed
1026 2504 1117 2558 recte
1133 2497 1260 2578 favere
1284 2497 1442 2559 dicuntur
1461 2498 1505 2573 ei,

309 2616 366 2697 qui
390 2615 569 2698 largitione
592 2613 696 2676 utitur
715 2614 892 2677 adversum
912 2615 1034 2677 amicos
1052 2626 1084 2678 et
1101 2615 1223 2698 ignatis
1237 2635 1361 2697 quaque
1376 2616 1416 2696 (c.
1432 2617 1505 2698 48);

308 2735 399 2798 illam
431 2743 546 2797 autem
577 2755 595 2797 e
628 2719 790 2796 militibus
817 2733 839 2795 ii
867 2733 929 2796 soli
957 2735 1103 2816 experiri
1131 2743 1326 2816 potuerunt,
1355 2736 1413 2817 qui
1438 2736 1506 2798 iarn

308 2855 515 2936 aliquamdiu
535 2853 569 2915 in
590 2853 708 2916 castris
727 2861 834 2915 erant.
854 2851 904 2916 cf.
928 2852 972 2915 H.
994 2853 1037 2928 Il,
1059 2854 1120 2935 85:
1147 2854 1266 2934 „tertia
1286 2854 1375 2937 legio
1391 2875 1507 2919 exem·

309 2973 402 3056 plum
433 2973 554 3035 ceteris
577 2971 768 3055 legionibus
792 2971 949 3054 praebuit
973 2973 1030 3054 (sc.
1055 2973 1098 3036 ad
1124 2972 1374 3056 Vespasianum
1399 2983 1507 3038 trans-

307 3092 514 3175 grediendi):
539 3100 661 3154 octava
685 3100 757 3153 erat
781 3111 820 3154 ac
844 3092 990 3174 septima
1014 3091 1210 3168 Claudiana,
1232 3093 1364 3158 inbutae
1375 3096 1507 3178 favore

311 3210 478 3278 Othonis”.
514 3211 608 3276 Otho
638 3212 729 3275 enim
761 3212 887 3294 ubique
919 3214 1009 3295 apud
1043 3212 1200 3276 Tacitum
1233 3235 1301 3277 non
1332 3235 1431 3278 verus
1463 3235 1504 3278 ac

308 3332 477 3415 legitimus
500 3331 672 3414 legionum
693 3339 795 3414 atque
816 3331 921 3395 totius
940 3332 1072 3414 imperii
1094 3334 1164 3396 dux
1184 3343 1245 3408 est,
1266 3336 1325 3397 sed
1346 3335 1503 3399 turbidus

308 3452 411 3515 homo
436 3453 493 3534 qni
517 3472 538 3515 a
561 3451 713 3534 legitimo
737 3453 942 3534 imperatore
964 3451 1073 3516 Galba
1093 3461 1225 3535 partem
1245 3453 1389 3516 militum
1409 3454 1501 3517 haud

307 3572 406 3635 bonis
440 3572 570 3635 artibus
601 3573 644 3635 ad
676 3591 711 3633 se
743 3570 908 3634 allexerit.
942 3571 987 3634 Et
1019 3581 1134 3634 tamen
1159 3572 1248 3636 hunc
1273 3593 1316 3634 ex
1341 3572 1502 3637 Historiis

306 3691 418 3755 locum
438 3692 578 3774 qnidam
599 3690 742 3754 afferunt
764 3692 807 3754 ad
828 3710 948 3753 vocem
964 3712 1164 3773 quamquam
1180 3701 1297 3756 nostro
1315 3692 1503 3756 Annalium

306 3811 382 3874 loco
406 3813 578 3875 tuendam.
604 3811 657 3874 En
682 3830 750 3893 quo
774 3811 898 3873 ducere
919 3812 1025 3893 possit
1046 3811 1201 3874 homines
1220 3811 1390 3875 novicium
1411 3813 1502 3876 istud

306 3930 456 3993 studium
480 3931 634 4012 quamvis
659 3930 760 3993 certis
780 3929 989 4012 obloquendi
1011 3931 1324 3993 emendationibus!
1346 3931 1398 3994 De
1419 3933 1503 3994 duo-

306 4047 369 4110 bus
400 4048 472 4110 aliis
504 4047 687 4124 vocabulis,
719 4069 807 4130 quae
834 4057 869 4111 et
897 4049 970 4132 ipsa
997 4050 1040 4111 ad
1066 4050 1240 4112 modestos
1264 4058 1298 4112 et
1322 4051 1503 4114 seditiosos

305 4167 397 4231 cives
418 4166 608 4248 militesque
628 4169 811 4248 pertinent,
828 4188 938 4250 neque
955 4168 1038 4231 satis
1053 4177 1209 4230 accurate
1223 4167 1363 4250 intelligi
1377 4169 1500 4246 solent,

307 4307 388 4350 mox
416 4305 565 4368 agemus.

350 4406 632 4470 Coniunctionem
652 4427 729 4471 nam
748 4416 782 4470 et
799 4408 843 4471 ab
861 4407 934 4470 aliis
950 4406 1170 4490 scriptoribus
1183 4416 1217 4471 et
1230 4427 1250 4470 a
1262 4406 1383 4498 Tacito
1396 4427 1500 4491 saepe
