3228 5236
641 475 700 520 221

130 640 167 702 A.
209 639 274 714 XI,
313 639 365 702 26.
417 639 507 718 „Iam
545 639 725 701 Messalina
759 638 921 701 facilitate
956 638 1198 702 adulteriorum
1234 639 1267 700 iu

95 757 249 823 fastidium
294 779 407 834 versa,
449 759 492 822 ad
528 759 718 841 incognitas
753 757 911 822 libidines
947 759 1155 842 profluebat,
1191 779 1267 822 cum

93 878 233 962 abrumpi
265 878 516 942 simulationem
548 879 651 942 etiam
683 877 793 955 Silius,
818 880 889 942 sive
914 879 1006 943 fatali
1030 879 1200 954 vecordia,
1223 899 1266 941 an

93 999 328 1063 imminentium
370 1000 597 1081 periculorum
640 1001 827 1063 remedium
867 1000 941 1082 ipsa
976 999 1124 1082 pericula
1159 1009 1268 1074 ratus,

94 1117 254 1200 urgebat.”

130 1238 225 1303 Haud
257 1239 360 1301 dubie
392 1247 569 1321 corruptus
600 1239 693 1302 locus
724 1238 778 1302 hic
811 1247 879 1315 est3
904 1239 1101 1303 lacunosum
1125 1239 1269 1321 putabat

93 1356 309 1440 Nipperdeius
339 1366 374 1421 et
405 1359 452 1420 sic
484 1359 553 1421 fere
584 1357 829 1440 supplendum:
858 1358 977 1439 ,Silius
1000 1359 1069 1422 sive
1091 1359 1198 1422 taedio
1221 1358 1269 1421 in·

91 1489 198 1558 certae,
202 1480 368 1561 fortunae
391 1479 462 1541 sive
486 1478 578 1542 fatali
604 1479 763 1542 vecordia
787 1499 816 1542 e.
830 1499 862 1560 q.
876 1479 924 1542 s.”
950 1479 1000 1541 At
1020 1479 1158 1562 languet
1179 1479 1268 1541 istud

90 1599 394 1662 rive-sive-an
427 1608 461 1662 et
493 1600 561 1663 duo
586 1601 648 1662 ista
667 1600 781 1682 fatali
802 1601 955 1663 vecordia
980 1609 1014 1663 et
1038 1622 1147 1663 an...
1173 1612 1271 1664 ratus

91 1735 216 1780 omnem
253 1719 296 1782 de
332 1717 404 1783 Silii
440 1719 580 1781 consilio
616 1720 833 1782 coniectandi
869 1720 1044 1783 materiem
1080 1728 1150 1782 tam
1183 1720 1271 1782 bene

91 1836 300 1913 exhauriunt,
334 1846 380 1914 ut,
416 1839 581 1920 quidquid
613 1839 795 1914 addideris,
829 1840 916 1902 ultro
949 1839 1061 1902 locum
1093 1839 1270 1921 depraves.

91 1954 219 2036 Quanto
250 1977 333 2039 ergo
365 1966 515 2038 praestat
539 1957 688 2021 Acidalii
713 1959 798 2022 ratio
822 1961 891 2022 sive
914 1958 1070 2034 delentis,
1096 1959 1188 2039 quod
1213 1959 1271 2021 ad-

91 2076 189 2139 ditum
215 2097 289 2139 esse
314 2097 381 2139 non
407 2079 517 2140 minus
541 2087 593 2140 est
616 2077 796 2141 verisimile
821 2099 924 2160 quam
948 2079 1092 2141 alterum
1117 2078 1227 2152 colon,
1253 2097 1273 2139 a

89 2196 151 2259 sive
169 2198 344 2279 incipiens,
366 2198 542 2260 excidisse.
568 2198 761 2281 Adscripsit
781 2197 863 2260 illud
883 2199 953 2261 sive
968 2196 1071 2261 homo
1085 2197 1272 2280 imperitus

91 2317 142 2396 qui
165 2317 327 2399 simplicis
351 2338 395 2380 an
419 2337 516 2379 usum
540 2317 729 2398 ignorabat.

128 2434 171 2497 A.
185 2436 263 2510 Xll,
282 2451 330 2518 ις.
346 2435 561 2499 Mithridates
575 2436 788 2518 Bosporanus
802 2437 952 2518 undique
964 2436 1108 2499 collecto
1120 2437 1271 2498 exercitu

89 2554 118 2615 in
138 2553 266 2644 Cotyis,
289 2555 521 2618 Romanorum
542 2556 633 2630 socii,
655 2575 796 2636 regnum
816 2563 851 2618 et
872 2555 906 2618 in
927 2555 1147 2638 provinciam,
1169 2575 1272 2638 quam

89 2673 186 2737 lulius
210 2675 337 2756 Aquila
361 2674 552 2748 obtinebat,
574 2675 704 2756 irrupit.
741 2672 806 2754 Qui
831 2675 898 2736 suis
923 2675 1022 2737 diffisi
1045 2674 1190 2737 viribus:

131 2803 308 2874 ,externas
342 2803 377 2856 et
411 2795 475 2876 ipsi
510 2794 635 2876 gratias
670 2794 885 2875 quaesivere,
930 2795 1039 2856 missis
1074 2794 1194 2876 legatis
1228 2795 1272 2857 ad

89 2911 273 2990 Eunonem,
306 2914 363 2996 qui
397 2914 583 2976 Aorsorum
615 2915 708 2995 genti
740 2914 957 2996 praesidebat
973 2911 1004 2995 ¹).
1042 2914 1114 2976 Nec
1147 2913 1209 2976 luit
1240 2914 1273 2976 in

88 3034 190 3096 arduo
220 3034 364 3096 societas
397 3034 586 3117 potentiam
618 3034 809 3096 Romanam
840 3035 1001 3097 adversus
1025 3034 1185 3096 rebellem
1212 3034 1274 3096 Mi-

87 3151 269 3217 thridatem
293 3152 578 3217 ostentantibus.’'

131 3273 258 3355 Utique
294 3274 429 3337 societas
463 3273 667 3336 eiiciendum
699 3281 767 3348 est;
809 3293 875 3334 non
909 3273 1000 3335 enim
1033 3273 1159 3336 nudum
1192 3273 1273 3338 illud

86 3392 333 3454 substantivum
355 3391 543 3473 significare
566 3399 695 3472 potest:
721 3391 773 3472 „ri
795 3393 837 3454 ad
859 3392 1058 3455 societatem
1071 3393 1274 3455 adducere.”

87 3509 206 3574 Eiecto
239 3511 353 3574 omnia
384 3511 503 3574 ordine
535 3513 742 3593 procedunt:
779 3533 860 3592 ,nec
885 3511 947 3575 suit
971 3513 1003 3574 in
1028 3511 1157 3575 arduo’'
1183 3513 1273 3575 idem

86 3639 135 3692 est
160 3631 271 3713 quod:
301 3639 353 3710 „et
377 3630 475 3693 facile
500 3629 561 3692 suit
586 3630 795 3712 negotium.'’

128 3751 256 3813 Iterum
282 3751 314 3813 in
340 3749 507 3813 vocabulo
528 3771 561 3832 q.
576 3772 603 3813 e.
624 3751 759 3814 sacietas
780 3751 954 3813 turbatum
975 3751 1110 3813 videtur
1130 3750 1174 3813 A.
1197 3751 1273 3826 Xll,

85 3885 143 3952 47:
180 3869 397 3933 Radamistus
429 3869 674 3944 Pharasmanis,
708 3869 912 3932 Hiberorum
945 3869 1041 3951 regis,
1075 3869 1171 3946 filius,
1198 3891 1274 3933 cum

86 3998 207 4070 patruo
228 3989 437 4064 Mithridate,
460 3989 700 4052 Armeniorum
714 4009 803 4070 rege,
817 4009 919 4070 quem
933 3988 1111 4051 obsidione
1125 3989 1275 4052 clausum

84 4116 189 4182 tenet,
212 4109 245 4171 in
267 4111 411 4190 gratiam
432 4129 467 4170 se
485 4110 594 4171 redire
607 4107 751 4183 simulat,
767 4127 911 4189 cumque
925 4129 967 4171 eo
979 4117 1075 4171 extra
1089 4107 1274 4183 castellum,

85 4231 177 4311 quod
204 4229 391 4303 obsidetur,
416 4229 652 4310 congreditur:

120 4395 148 4462 1)
167 4397 339 4446 praesidebat
357 4413 390 4446 ex
408 4397 512 4461 egregia
531 4396 622 4445 Haasii
638 4395 835 4460 emendatione3
850 4395 940 4460 inepte
957 4395 984 4444 in
1001 4395 1091 4445 codice
1102 4391 1274 4461 praecellebat

83 4484 189 4552 legitur.
