3228 5236
864 479 925 546 ¹74

295 643 368 707 abit
399 624 458 725 c'lrir
490 643 698 726 (quomodo).
731 643 931 708 Conferatur
963 644 1006 707 A.
1039 645 1099 720 Vl,
1131 646 1162 719 6,
1194 645 1251 708 ubi
1283 666 1372 708 nunc
1396 653 1491 707 recte

296 763 424 825 editur:
460 762 560 844 „quid
592 762 738 826 scribam
762 764 871 838 vobis,
895 772 1009 847 patres
1033 765 1227 846 conscripti,
1251 773 1309 827 aut
1332 764 1492 846 quomodo

295 882 450 956 scribam,
475 891 534 945 aut
557 882 638 963 quid
662 883 802 947 omnino
827 904 895 946 non
919 883 1064 946 scribam
1088 904 1118 946 e.
1132 904 1165 965 q.
1178 883 1237 958 s.”,
1260 892 1295 947 at
1315 885 1349 946 in
1370 884 1492 947 codice

296 1022 359 1084 pro
382 1001 538 1083 quomodo
561 1001 685 1082 legitur
708 1003 848 1083 quando.

340 1239 385 1302 A.
410 1240 471 1314 IV,
495 1253 549 1320 45.
575 1240 614 1302 ln
640 1238 805 1322 Hispania
828 1242 969 1323 agrestis
994 1241 1150 1324 quidam:

346 1367 556 1440 „praetorem
588 1359 783 1440 provinciae
818 1360 859 1436 L.
890 1359 1057 1435 Pisonem,
1090 1379 1175 1441 pace
1207 1355 1421 1433 ihcuriosum,
1447 1379 1495 1421 ex

298 1477 483 1560 improviso
506 1477 540 1539 in
565 1478 685 1540 itinere
709 1478 848 1541 adortus
872 1499 940 1541 uno
964 1479 1103 1541 vulnere
1127 1480 1160 1542 in
1181 1487 1326 1541 mortem
1346 1477 1497 1541 affecit.”

342 1597 385 1659 In
415 1608 552 1660 mortem
583 1597 713 1678 affecit:
745 1618 832 1679 quae
864 1618 1014 1679 unquam
1045 1598 1219 1660 barbaries
1242 1607 1312 1660 tam
1336 1598 1493 1660 scabram

299 1716 440 1800 protulit
471 1714 680 1779 orationem?
712 1715 922 1797 Quantocius
949 1717 1106 1780 Tacitum
1130 1717 1194 1780 hac
1218 1737 1399 1799 purgemus
1423 1737 1496 1780 ma·

299 1835 385 1911 cula,
409 1857 470 1918 pro
493 1837 608 1918 affecit
630 1836 776 1918 legendo
800 1837 933 1917 afflixit.
955 1835 1102 1900 Omnem
1124 1837 1187 1899 tibi
1208 1837 1335 1899 eximet
1355 1856 1498 1918 scrupu-

299 1956 370 2020 lum
393 1955 447 2017 hic
471 1955 565 2018 locus
588 1975 632 2017 ex
656 1956 778 2018 eodem
801 1955 888 2018 libro
913 1956 953 2037 (c.
978 1955 1051 2037 62):
1080 1956 1156 2036 ,i11i,
1180 1976 1266 2037 quos
1290 1956 1498 2038 principium

300 2076 421 2157 stragis
440 2076 473 2137 in
496 2083 640 2137 mortem
660 2075 876 2160 adflixerat.”
898 2074 1057 2138 Ceterum
1077 2075 1195 2138 harum
1216 2097 1327 2138 rerum
1344 2077 1500 2139 curiosos

303 2197 450 2258 monitos
481 2195 569 2271 v010,
608 2197 689 2258 mire
724 2196 836 2258 multis
867 2197 900 2258 in
933 2196 1033 2258 rebus
1064 2197 1151 2259 hanc
1175 2217 1360 2279 congruere
1385 2218 1501 2260 narra-

302 2315 430 2377 tionem
455 2334 531 2377 cum
557 2313 704 2378 Sallustii
727 2313 782 2377 illa
803 2315 839 2376 B.
861 2314 898 2378 C.
920 2334 948 2376 c.
975 2332 1022 2396 19,
1045 2316 1088 2378 de
1109 2314 1174 2377 alio
1194 2316 1344 2396 quodam
1363 2316 1502 2392 Pisone,

304 2435 363 2516 qui
387 2443 421 2497 et
445 2435 517 2516 ipse
540 2434 574 2496 in
601 2433 766 2516 Hispania
790 2443 930 2497 necatus
955 2442 1016 2496 est.

346 2672 390 2736 A.
411 2672 472 2747 IV,
496 2686 546 2753 52.
567 2671 623 2736 Ob
643 2671 829 2754 periculum
851 2671 1012 2735 Claudiae
1032 2672 1204 2748 Pulchrae,
1225 2673 1381 2736 sobrinae
1400 2694 1501 2749 suae,

299 2793 505 2854 intentatum
537 2791 773 2854 vehementius
801 2811 878 2853 cnm
903 2790 1041 2853 Tiberio
1065 2791 1261 2874 expostulat
1284 2793 1501 2876 Agrippina:

350 2911 498 2990 ,Audita
529 2911 613 2974 haec
637 2931 746 2974 raram
771 2910 893 2973 occulti
920 2912 1067 2992 pectoris
1091 2931 1212 2974 vocem
1237 2912 1397 2989 elicuere;
1422 2933 1504 2976 cor-

304 3039 503 3112 reptamque
528 3029 658 3092 Graeco
682 3049 780 3092 versu
804 3029 981 3092 admonuit
1006 3049 1073 3092 non
1098 3030 1176 3093 ideo
1200 3030 1299 3107 laedi,
1322 3033 1401 3113 quia
1426 3052 1502 3096 non

302 3149 493 3231 regnaret.”

349 3269 487 3331 Frustra
518 3267 597 3330 hinc
627 3267 730 3330 ullum
755 3289 889 3330 sensum
915 3266 1037 3330 elicere
1060 3270 1201 3343 coneris,
1226 3269 1285 3331 sed
1312 3269 1393 3332 nihil
1418 3269 1504 3332 faci-

303 3390 366 3452 lius
389 3408 492 3470 quam
514 3389 726 3469 aptissimum
751 3388 926 3450 restituere
951 3407 1097 3451 sensum.
1122 3389 1186 3450 Pro
1210 3409 1272 3451 non
1293 3389 1362 3452 ideo
1382 3388 1503 3470 legen·

304 3510 385 3572 dum
417 3516 469 3576 est
495 3507 565 3570 idco
588 3527 667 3570 non:
696 3506 796 3588 ,quid
821 3514 855 3568 te
879 3506 967 3568 laedi
991 3516 1025 3569 et
1050 3507 1169 3570 iniuria
1193 3508 1279 3570 affici
1304 3508 1452 3589 quereris
1463 3505 1501 3568 ?”

302 3627 458 3692 Tiberius
481 3627 529 3689 ait
557 3645 643 3707 „non
668 3633 767 3707 potes
790 3624 889 3698 laedi,
915 3645 993 3687 nam
1019 3645 1086 3689 non
1111 3626 1266 3707 regnas.'’
1289 3627 1500 3707 Tyrannidis

303 3749 357 3811 hic
393 3747 586 3829 primariam
623 3744 820 3826 pronuntiat
851 3742 961 3825 legem
992 3743 1165 3807 Tiberius:
1201 3752 1353 3826 „praeter
1383 3745 1499 3826 ipsum

303 3875 485 3950 tyrannum
517 3864 747 3946 unusquisque
779 3862 944 3944 quidquid
976 3862 1040 3925 sibi
1064 3865 1200 3927 eveniat
1223 3865 1322 3946 aequi
1346 3864 1500 3945 bonique

304 3986 479 4049 consulere
510 3985 631 4058 debet;
664 3990 753 4045 errat
784 3982 810 4044 si
843 4002 878 4044 se
909 3982 1005 4057 laedi,
1038 3984 1090 4046 vel
1123 3984 1250 4047 iniuria
1280 3983 1370 4065 affici
1395 3983 1501 4048 dicit:

304 4105 470 4168 eiusmodi
494 4101 660 4165 vocabula
685 4122 752 4164 non
776 4101 985 4164 conveniunt
1009 4103 1042 4165 in
1066 4102 1221 4166 homines
1245 4105 1287 4167 ad
1309 4105 1502 4186 parendum

305 4223 435 4288 natos.'’
460 4222 499 4284 In
525 4229 675 4283 mentem
699 4221 780 4283 mihi
800 4222 855 4284 hic
875 4221 1091 4304 pulcherrimi
1112 4223 1204 4286 venit
1224 4224 1289 4287 loci
1310 4223 1502 4306 Euripidei,

305 4344 363 4407 ubi
387 4341 509 4404 eadem
532 4339 694 4421 loquendi
718 4340 900 4403 adhibetur
923 4342 1019 4404 ratio.
1045 4341 1212 4406 Clamanti
1238 4342 1407 4424 Polynici:

397 4458 452 4522 καί
474 4481 509 4522 σε
534 4455 671 4536 δεύτερόν
695 4459 728 4534 γ’
753 4457 914 4521 ἀπαιτῶ
940 4466 1086 4539 σκῆπτρα
1110 4459 1163 4524 xa>
1188 4460 1264 4538 μέρη
1288 4455 1395 4540 χθονός
