3266 5238
711 479 749 540 81

137 656 406 740 feminarumque
438 656 616 739 planctus),
646 657 706 720 sed
739 664 861 720 cuncta
889 677 975 738 quae
1005 657 1050 719 ab
1075 658 1159 720 idem
1184 657 1327 720 emnium
1370 659 1374 668 ’

136 776 269 839 initium
294 776 431 839 habent.
458 776 534 840 Hoc
557 795 639 858 ergo
664 776 746 839 dicit
769 775 925 838 Tacitus:
956 776 1039 855 ,hoc
1063 797 1167 839 unum
1192 777 1225 838 in
1247 796 1328 838 com·

136 896 231 957 muni
252 897 396 958 omnium
419 895 511 958 luctu
537 902 609 958 erat
633 895 814 958 discrimen
838 895 930 976 quod
958 916 987 957 e.
1011 916 1044 976 q.
1069 894 1128 958 s.”.

182 1013 243 1086 111,
272 1031 326 1094 41.
354 1015 406 1076 De
431 1022 526 1076 motu
550 1013 816 1077 Andecavorum
840 1022 875 1076 et
899 1014 1113 1077 Turonorum
1137 1023 1171 1076 et
1196 1014 1261 1077 alia
1284 1013 1329 1077 le-

135 1141 262 1214 guntur
285 1142 319 1196 et
342 1133 444 1196 haec:

184 1252 331 1332 ,Turoni
361 1251 547 1334 legionario
576 1251 692 1327 milite,
719 1271 820 1333 quem
847 1252 1006 1316 Visellius
1031 1253 1141 1317 Varro
1165 1253 1330 1316 inferioris

136 1373 338 1437 Germaniae
370 1370 501 1454 legatus
525 1373 671 1448 miserat,
697 1373 849 1454 oppressi
873 1409 917 1418 —-
941 1373 1066 1436 Aviola
1090 1375 1175 1436 duce
1200 1382 1234 1436 et
1258 1375 1329 1455 qui-

135 1493 282 1556 busdam
312 1492 495 1556 Galliarum
524 1492 738 1575 primoribus
763 1493 820 1574 qui
844 1492 951 1555 tulere
974 1493 1147 1568 auxilium,
1171 1513 1239 1576 quo
1264 1494 1330 1556 dis-

136 1612 334 1675 simularent
359 1610 586 1676 desectionem
612 1612 786 1694 magisque
808 1613 844 1676 in
869 1621 1024 1695 tempore
1049 1612 1239 1675 efferrent”.

183 1732 341 1795 lnaudito
376 1751 512 1815 prorsus
547 1732 650 1795 modo
685 1733 740 1795 hic
775 1734 936 1816 efferendi
968 1733 1111 1795 verbum
1146 1734 1331 1816 opponitur

136 1853 244 1915 verbo
271 1851 506 1915 dissimulandi
532 1861 570 1914 ut
599 1851 667 1914 fere
691 1863 849 1935 promere
872 1851 1038 1934 significet
1063 1862 1097 1915 et
1120 1852 1329 1935 defectionem

135 1973 260 2054 efferre
290 1972 333 2034 sit
358 1971 476 2054 palam
508 1971 653 2056 deficere.
687 1971 776 2034 Nam
807 1992 909 2052 quem
934 1971 1045 2034 locum
1070 1971 1253 2034 Furneaux
1276 1970 1331 2033 hic

136 2091 245 2165 affert,
278 2091 339 2166 Vl,
371 2109 401 2172 9,
435 2091 534 2173 longe
566 2090 631 2153 alia
663 2092 734 2154 eius
767 2098 818 2154 est
842 2092 938 2154 ratio.
963 2091 1014 2153 lbi
1040 2091 1129 2154 enim
1153 2093 1264 2174 agitur
1288 2092 1331 2154 de

136 2211 280 2274 audacia
301 2209 347 2272 M.
368 2209 506 2273 Terenti
524 2209 648 2292 equitis
667 2210 823 2286 Romani,
842 2211 899 2292 qui
918 2211 1088 2274 liberrima
1100 2213 1144 2274 ad
1157 2211 1332 2274 Tiberium

135 2331 293 2394 oratione
323 2328 481 2392 habenda
508 2348 603 2392 suam
633 2327 815 2412 Seianique
839 2331 1023 2394 amicitiam
1048 2330 1211 2394 defendit.
1238 2330 1332 2393 Haec

134 2469 220 2532 ergo
251 2449 360 2512 oratio
393 2457 525 2511 tantum
558 2448 663 2511 valuit
695 2457 731 2510 ut
764 2469 831 2512 non
863 2448 972 2512 solum
1005 2451 1076 2531 ipse
1101 2451 1333 2513 absolveretur

133 2569 198 2632 sed
221 2577 329 2631 morte
351 2567 573 2631 multarentur
591 2577 806 2632 accusatores
830 2569 928 2651 ,quia
949 2578 1101 2652 repertus
1120 2567 1215 2631 erat”
1236 2569 1334 2632 Taci-

134 2697 193 2750 tus
222 2689 270 2751 ait
301 2687 378 2769 ,qui
408 2687 542 2750 efferret
570 2706 657 2768 quae
682 2707 801 2750 omnes
823 2689 938 2750 animo
961 2687 1170 2770 agitabant'’.
1196 2687 1335 2770 Efferre

134 2815 253 2870 autem
285 2816 321 2869 et
351 2807 462 2870 animo
491 2807 626 2889 agitare
657 2807 744 2869 inter
772 2827 808 2870 se
838 2809 977 2891 opponi,
1004 2829 1115 2882 nem0‚
1141 2817 1177 2871 ut
1201 2809 1333 2891 opinor,

135 2925 326 2988 mirabitur.
355 2925 400 2987 Et
425 2925 517 3006 quod
542 2926 593 2987 vir
616 2925 828 2988 acutissimus
853 2928 975 2989 eodem
999 2926 1103 2990 trahit
1128 2926 1171 3001 II,
1196 2927 1249 3008 63,
1275 2926 1334 2989 hu·

136 3045 231 3108 mani
256 3046 383 3126 patitur
405 3044 550 3126 aliquid:
576 3044 622 3106 ibi
647 3046 737 3108 enim
761 3047 884 3129 efferre
908 3055 958 3108 est
978 3047 1232 3110 usitatissimum
1252 3045 1334 3110 illud

136 3163 293 3228 laudibus
314 3164 437 3246 efferre
459 3183 484 3226 s.
509 3163 680 3228 extollere:
705 3173 820 3244 ,extat
839 3166 958 3241 oratio,
979 3186 1046 3247 qua
1067 3155 1335 3249 magnitudinem

137 3283 203 3346 viri
306 3281 461 3346 extulit”.

186 3401 279 3464 Anu,
304 3403 365 3476 IV,
392 3420 421 3484 3.
447 3402 539 3465 Nota
563 3423 615 3466 res
638 3410 690 3466 est
707 3404 865 3486 paelicem
887 3405 953 3467 dici
973 3404 1147 3468 mulierem
1170 3425 1237 3469 non
1257 3406 1335 3468 rati·

138 3541 207 3583 one
231 3521 347 3584 habita
370 3521 449 3596 viri,
474 3521 531 3603 qui
556 3541 631 3584 eam
651 3531 743 3585 amat
764 3522 868 3605 (Belg.
893 3522 1051 3604 ,bijzit”),
1073 3525 1132 3586 sed
1155 3523 1208 3586 vel
1228 3525 1335 3586 iustae

138 3641 256 3704 uxoris
290 3640 344 3703 vel
380 3641 525 3704 cuiusvis
562 3642 718 3717 mulieris,
752 3662 840 3723 quae
870 3644 914 3704 ab
946 3643 1068 3705 eodem
1100 3641 1172 3704 viro
1202 3651 1336 3705 amatur

139 3757 247 3842 (Belg.
275 3760 610 3842 ,medeminnares”).
635 3760 690 3824 Sic
711 3760 845 3825 Semele
865 3769 915 3822 est
936 3759 1058 3843 paelex
1077 3780 1145 3821 uon
1165 3761 1256 3822 lovis
1275 3761 1334 3823 sed

139 3878 291 3942 Iunonis.
324 3876 436 3943 Semel
467 3878 605 3941 Tacitus
635 3879 703 3942 alio
736 3879 837 3942 modo
871 3877 952 3941 illud
985 3898 1110 3940 nomen
1141 3878 1335 3941 adhibuisse

138 3998 287 4071 videtur,
311 3998 371 4060 sed
395 4004 528 4059 tantum
552 3998 694 4072 videtur,
721 4017 798 4060 nam
823 3997 849 4058 si
874 4006 965 4060 recte
992 4016 1069 4060 eum
1094 3997 1335 4079 interpretaris,

138 4125 285 4200 apparet
308 4117 355 4178 ibi
379 4136 515 4198 quoque
539 4137 559 4179 a
579 4117 680 4180 solito
701 4136 761 4179 usu
782 4137 858 4179 eum
880 4136 947 4177 non
969 4117 1138 4178 recedere.
1162 4115 1223 4177 Est
1244 4116 1336 4179 locus

139 4236 199 4298 ubi
225 4235 269 4298 de
294 4233 407 4299 Seiani
431 4235 618 4316 Liviaeque
638 4236 748 4318 agitur
767 4235 910 4316 nuptiis:
935 4233 1051 4314 ,Pellit
1072 4235 1176 4297 domo
1196 4233 1337 4297 Seianus

139 4373 284 4418 uxorem
314 4353 510 4436 Apicatam,
545 4373 589 4415 ex
619 4374 686 4434 qua
714 4362 782 4415 tres
805 4353 929 4416 liberos
953 4361 1126 4435 genuerat,
1151 4374 1192 4414 ne
1217 4353 1336 4435 paelici

136 4470 424 4556 suspectaretur’'.

1176 4589 1192 4636 6
