3228 5236
894 409 958 473 ²14

330 593 401 636 rem
424 573 625 656 perturbant
645 582 680 635 et
701 592 803 654 quam
824 574 972 636 maxime
992 575 1139 637 reddunt
1159 573 1354 637 obscuram:
1372 573 1528 637 Gnarum

330 697 369 758 id
388 693 540 759 Caesari.
561 692 664 775 Quid,
678 712 815 775 quaeso,
829 693 952 756 Caesar
964 692 1152 777 comperit?
1165 695 1316 777 Nempe:
1329 695 1528 758 Maximum

330 815 439 888 uxori,
473 814 567 877 illam
599 813 717 876 Liviae
739 812 938 893 aperuisse.”
964 813 1044 877 Alio
1068 815 1154 876 verti
1180 833 1367 896 pronomen
1391 814 1431 876 id
1452 834 1530 876 ver-

330 934 452 996 borum
465 941 648 996 contextus
661 941 766 994 vetat.
792 932 838 995 Et
851 933 932 1013 quid
947 931 1086 1015 postea?
1109 935 1320 1016 Augustusne
1332 933 1529 996 necandum

332 1053 477 1116 Fabium
509 1050 659 1116 curavit?
697 1052 745 1116 Ut
779 1052 923 1126 mittam,
956 1061 1065 1116 totam
1089 1054 1316 1116 narrationem
1340 1052 1383 1115 ad
1407 1052 1531 1115 Liviae

332 1174 501 1256 pertinere
525 1172 652 1236 scelera
676 1180 711 1234 et
735 1172 909 1247 veneficia,
933 1174 1015 1254 quid
1040 1174 1150 1236 minus
1173 1194 1191 1236 e
1216 1193 1251 1235 re
1276 1172 1423 1255 Augusti
1447 1169 1533 1235 suit?

333 1292 471 1355 Poterat
501 1291 547 1354 ob
579 1311 655 1354 eam
679 1311 816 1355 causam
840 1291 893 1354 vel
917 1298 1026 1354 totam
1051 1311 1123 1354 rem
1147 1293 1316 1367 omittere,
1340 1292 1404 1368 vel,
1430 1294 1529 1374 quod

332 1413 395 1494 ipsi
427 1412 567 1494 negotio
599 1419 865 1474 consentaneum
899 1413 1016 1492 magis,
1048 1421 1233 1487 maturare;
1268 1419 1389 1475 necato
1414 1411 1530 1475 Fabio

332 1532 415 1595 nihil
434 1531 644 1594 lucrabatur:
665 1532 708 1593 ad
730 1530 863 1593 Liviam
881 1532 946 1593 iam
960 1539 1220 1613 permanaverat
1232 1539 1306 1594 tota
1318 1550 1381 1605 reS,
1394 1530 1529 1606 Liviae,

332 1651 358 1714 si
380 1651 467 1714 sorte
487 1651 535 1714 ira
556 1660 667 1714 motus
687 1650 863 1734 Augustus
882 1651 926 1714 de
947 1652 1083 1714 conscio
1096 1671 1157 1714 suo
1170 1659 1240 1713 tam
1254 1651 1384 1712 incerto
1397 1670 1531 1733 poenas

332 1771 540 1854 sumpsisset,
565 1772 675 1834 omnis
698 1770 912 1834 eximebatur
932 1771 1101 1833 dubitatio
1122 1771 1202 1851 quin
1223 1791 1304 1832 vera
1323 1770 1529 1845 audivisset;

333 1890 491 1954 infestam
526 1890 589 1953 sibi
620 1890 791 1954 redditam
824 1890 957 1953 Liviam
989 1891 1073 1982 scire
1106 1898 1243 1972 poterat
1274 1889 1473 1971 Augustus,
1502 1888 1529 1950 si

333 2009 415 2073 illud
440 2011 483 2072 de
507 2009 617 2072 Fabio
641 2018 676 2071 et
701 2009 829 2072 Marcia
852 2011 882 2072 ei
902 2029 1052 2092 gnarum
1076 2008 1154 2071 suit:
1181 2008 1305 2090 placari
1330 2027 1406 2070 eam
1427 2028 1530 2090 posse

336 2128 389 2192 vel
410 2129 508 2192 vitari
528 2130 600 2192 eius
621 2129 758 2192 insidias
779 2128 878 2190 Fabii
891 2148 974 2190 nece
986 2130 1013 2190 si
1027 2148 1115 2191 nunc
1128 2127 1303 2210 Augustus
1315 2128 1528 2202 credidisset,

334 2249 510 2311 insaniisse
534 2269 611 2312 eum
636 2249 707 2311 iure
732 2248 932 2311 diceremus
958 2248 1114 2328 Denique
1138 2254 1249 2310 totum
1273 2247 1354 2310 illud
1371 2246 1528 2312 Gnarum

335 2369 375 2432 id
393 2367 533 2433 Caesari
552 2388 620 2431 una
639 2368 739 2431 litura
760 2367 942 2430 delendum
964 2378 1032 2430 est:
1054 2369 1087 2430 in
1109 2369 1259 2450 margine
1272 2368 1395 2431 sciolus
1407 2369 1531 2451 aliquis

335 2490 524 2572 adscripsit,
555 2489 614 2570 qui
647 2489 765 2551 deesse
796 2489 924 2570 aliquid
957 2488 1066 2551 Taciti
1098 2488 1299 2566 narrationi,
1331 2509 1436 2570 quam
1462 2510 1530 2552 non

336 2609 558 2684 intellexerat,
584 2611 742 2692 opinatus
766 2618 817 2672 est
832 2608 865 2690 ¹).

382 2727 407 2804 1,
434 2730 485 2810 38.
512 2728 550 2792 In
575 2730 768 2792 narratione
781 2727 806 2810 ²)
830 2730 874 2791 de
898 2728 1183 2791 tumultuantibus
1206 2728 1239 2790 in
1261 2727 1405 2791 Chaucis
1426 2729 1531 2791 vexil-

336 2847 426 2911 lariis
449 2849 533 2911 haec
558 2848 716 2930 legimus:

376 3119 402 3182 t)
426 3119 499 3180 Quae
524 3119 646 3183 leguntur
670 3119 741 3184 apud
767 3119 931 3169 Plutarchum
954 3119 988 3168 de
1013 3119 1169 3168 Garrulitate
1189 3135 1215 3184 p.
1236 3119 1287 3184 508
1305 3119 1385 3178 (ticio
1403 3121 1473 3171 euim
1493 3123 1530 3172 ibi

337 3221 390 3254 uon
410 3221 466 3255 esse
484 3206 624 3268 legendum
644 3207 717 3270 quod
735 3207 780 3256 dat
799 3206 970 3256 Beruardakis
989 3205 1041 3255 vol.
1062 3207 1100 3255 111
1117 3223 1144 3270 p.
1160 3206 1211 3270 316
1228 3203 1359 3272 Φούλβιος,
1374 3207 1421 3256 sed
1436 3207 1531 3266 Φάβιος

337 3309 395 3342 cum
419 3293 509 3341 codice
528 3291 577 3357 M.)
596 3308 650 3341 non
669 3308 812 3356 congruere
831 3307 890 3340 cum
909 3298 997 3341 nostra
1015 3293 1115 3342 Tacitei
1134 3293 1185 3341 loci
1204 3293 1387 3342 emendatione
1405 3301 1432 3344 et
1450 3294 1529 3343 inter·

337 3379 484 3444 pretatione
508 3378 629 3427 lubenter
652 3379 780 3444 concedo,
798 3377 845 3427 sed
862 3379 970 3427 omniuo
989 3377 1141 3428 Plutarchus
1158 3395 1212 3428 rem
1231 3379 1273 3428 hic
1293 3380 1371 3429 tradit
1389 3380 1528 3429 admodum

337 3466 466 3514 diversam
484 3465 517 3513 ab
536 3480 575 3530 ea,
594 3481 672 3528 quam
692 3464 803 3529 legimus
819 3464 890 3528 apud
906 3465 1033 3529 Tacitum,
1049 3465 1104 3514 sire
1120 3465 1304 3529 proscribimus
1320 3465 1391 3515 istud
1407 3466 1528 3516 Gnarum

338 3552 368 3600 id
386 3551 501 3616 Caesari,
519 3551 574 3600 sive
593 3551 620 3599 in
639 3558 713 3600 textu
733 3551 882 3600 retinemus.
901 3552 997 3601 Vemm
1016 3560 1149 3616 utcunque
1167 3567 1207 3601 res
1224 3567 1251 3601 se
1266 3567 1298 3602 ea
1312 3553 1401 3618 habet,
1417 3552 1529 3617 primum

338 3639 502 3688 efficiendum
527 3645 555 3687 ut
578 3638 685 3687 Tacitus
711 3637 781 3687 dicat
806 3637 908 3700 aliquid
933 3638 1004 3703 quod
1022 3639 1091 3687 bene
1108 3638 1259 3688 cohaereat:
1279 3646 1334 3688 tum
1351 3638 1455 3688 demum
1475 3639 1530 3686 eius

338 3726 452 3774 narratio
477 3741 537 3774 cum
560 3725 670 3774 aliomm
697 3724 890 3774 narrationibus
908 3724 1020 3773 conferri
1039 3731 1134 3788 potest.
1161 3725 1235 3774 Idem
1252 3731 1278 3774 et
1296 3725 1359 3774 alibi
1380 3725 1529 3775 tenendum.

338 3812 391 3876 Sic,
416 3821 444 3861 ut
469 3811 518 3861 hoc
543 3819 610 3877 utar,
627 3812 649 3860 si
668 3812 727 3876 quis
748 3819 861 3860 nostram
881 3811 912 3859 ad
933 3812 968 3859 H.
985 3811 1021 3858 IV
1038 3826 1060 3862 c.
1077 3809 1109 3874 83
1127 3811 1336 3860 emendationem
1351 3810 1388 3876 (v.
1406 3827 1466 3875 pag.
1485 3809 1529 3877 38)

340 3899 458 3963 redargui
488 3899 630 3948 contendat
656 3898 688 3946 iis
712 3913 779 3961 quae
804 3897 923 3962 legantur
946 3897 1015 3961 apud
1042 3897 1206 3947 Plutarchum
1225 3899 1266 3947 De
1284 3897 1348 3948 Soll.
1370 3897 1457 3946 Anius.
1476 3897 1528 3946 vol.

338 3985 376 4032 Vl
396 3999 422 4048 p.
443 3995 485 4049 77,
504 3991 531 4033 et
550 3985 590 4032 De
610 3984 644 4032 ls.
662 3991 689 4032 et
708 3983 754 4033 Os.
773 3983 826 4032 vol.
844 3984 870 4032 11
891 3999 917 4049 p.
932 3983 984 4046 498
1001 3999 1060 4048 sqq.
1076 3983 1186 4050 (Beria),
1201 3983 1251 4032 hoc
1266 3985 1291 4032 ei
1309 3983 1527 4048 respondeamus:

340 4069 493 4120 Plutarchus
517 4069 594 4117 deum
620 4069 704 4135 illurn,
728 4070 761 4118 de
786 4086 840 4134 quo
865 4070 959 4135 agitur,
983 4069 1135 4134 Serapidem
1159 4085 1215 4119 esse
1237 4070 1315 4136 dicit,
1341 4071 1391 4119 hoc
1416 4069 1527 4132 cilicet,

339 4173 399 4206 nam
419 4165 491 4206 vetus
510 4157 573 4204 deus
590 4156 737 4219 Aegyptius
754 4165 779 4206 et
796 4157 950 4221 Sinopensis
966 4156 1118 4206 coaluerunt
1133 4157 1160 4205 in
1176 4172 1270 4223 unum,
1287 4157 1379 4206 Tacito
1395 4171 1448 4206 nou
1466 4157 1525 4206 licet

338 4243 450 4292 eundem
469 4242 546 4290 deum
565 4246 592 4290 et
611 4255 667 4289 esse
683 4250 708 4290 et
724 4257 778 4290 non
794 4257 851 4292 esse
868 4243 1019 4309 Serapidem
1035 4243 1129 4306 dicere,
1145 4242 1217 4307 quod
1234 4251 1320 4292 tamen
1337 4243 1365 4292 fit
1380 4243 1407 4292 lu
1424 4243 1525 4308 vulgata

338 4329 461 4378 lectione.

376 4412 404 4480 2)
423 4411 539 4478 Ceteras,
559 4411 654 4480 quibus
674 4421 842 4480 premeretur,
860 4414 1024 4464 difficultates
1043 4415 1094 4464 iam
1112 4421 1189 4464 antea
1206 4414 1386 4464 indicavimus.
