<?xml version="1.0" encoding="UTF-8"?>
<!DOCTYPE html PUBLIC "-//W3C//DTD XHTML 1.0 Transitional//EN"
    "http://www.w3.org/TR/xhtml1/DTD/xhtml1-transitional.dtd">
<html xmlns="http://www.w3.org/1999/xhtml" xml:lang="en" lang="en">
 <head>
  <title>
</title>
<meta http-equiv="Content-Type" content="text/html;charset=utf-8" />
  <meta name='ocr-system' content='tesseract 3.04.00' />
  <meta name='ocr-capabilities' content='ocr_page ocr_carea ocr_par ocr_line ocrx_word'/>
</head>
<body>
  <div class='ocr_page' id='page_1' title='image "./analectatacitea01hartgoog_0268.png"; bbox 0 0 3248 5230; ppageno 0'>
   <div class='ocr_carea' id='block_1_1' title="bbox 673 455 736 523">
    <p class='ocr_par' dir='ltr' id='par_1_1' title="bbox 673 455 736 523">
     <span class='ocr_line' id='line_1_1' title="bbox 673 455 736 523; baseline 0.048 -3"><span class='ocrx_word' id='word_1_1' title='bbox 673 455 736 523; x_wconf 82' lang='lat'>257</span> 
     </span>
    </p>
   </div>
   <div class='ocr_carea' id='block_1_2' title="bbox 109 619 1308 709">
    <p class='ocr_par' dir='ltr' id='par_1_2' title="bbox 109 619 1308 709">
     <span class='ocr_line' id='line_1_2' title="bbox 109 619 1308 709; baseline 0.005 -26"><span class='ocrx_word' id='word_1_2' title='bbox 109 621 237 704; x_wconf 88' lang='lat' dir='ltr'>opinor</span> <span class='ocrx_word' id='word_1_3' title='bbox 265 622 386 700; x_wconf 79' lang='lat' dir='ltr'>„etiam</span> <span class='ocrx_word' id='word_1_4' title='bbox 410 619 601 684; x_wconf 88' lang='lat' dir='ltr'>ardentes&#39;’.</span> <span class='ocrx_word' id='word_1_5' title='bbox 625 621 675 685; x_wconf 85' lang='lat' dir='ltr'>At</span> <span class='ocrx_word' id='word_1_6' title='bbox 701 642 788 685; x_wconf 92' lang='lat' dir='ltr'>nunc</span> <span class='ocrx_word' id='word_1_7' title='bbox 812 622 845 684; x_wconf 94' lang='lat' dir='ltr'>in</span> <span class='ocrx_word' id='word_1_8' title='bbox 871 623 981 706; x_wconf 89' lang='lat' dir='ltr'>priore</span> <span class='ocrx_word' id='word_1_9' title='bbox 1001 625 1191 688; x_wconf 90' lang='lat' dir='ltr'>sententiae</span> <span class='ocrx_word' id='word_1_10' title='bbox 1212 634 1308 709; x_wconf 90' lang='lat' dir='ltr'>parte</span> 
     </span>
    </p>
   </div>
   <div class='ocr_carea' id='block_1_3' title="bbox 112 721 1311 845">
    <p class='ocr_par' dir='ltr' id='par_1_3' title="bbox 112 721 1311 845">
     <span class='ocr_line' id='line_1_3' title="bbox 112 721 1311 845; baseline 0.003 -43"><span class='ocrx_word' id='word_1_11' title='bbox 112 741 212 802; x_wconf 87' lang='lat' dir='ltr'>deest</span> <span class='ocrx_word' id='word_1_12' title='bbox 243 739 371 822; x_wconf 89' lang='lat' dir='ltr'>aliquid</span> <span class='ocrx_word' id='word_1_13' title='bbox 402 741 581 845; x_wconf 36' lang='lat' dir='ltr'>quodlisti</span> <span class='ocrx_word' id='word_1_14' title='bbox 616 741 739 820; x_wconf 79' lang='lat' dir='ltr'>„etiam</span> <span class='ocrx_word' id='word_1_15' title='bbox 770 741 949 804; x_wconf 90' lang='lat' dir='ltr'>ardentes”</span> <span class='ocrx_word' id='word_1_16' title='bbox 982 752 1073 805; x_wconf 90' lang='lat' dir='ltr'>recte</span> <span class='ocrx_word' id='word_1_17' title='bbox 1103 721 1311 826; x_wconf 76' lang='lat' dir='ltr'>opponatur‚&#39;</span> 
     </span>
    </p>
   </div>
   <div class='ocr_carea' id='block_1_4' title="bbox 24 841 1308 1420">
    <p class='ocr_par' dir='ltr' id='par_1_4' title="bbox 24 841 1308 1420">
     <span class='ocr_line' id='line_1_4' title="bbox 112 841 1307 944; baseline 0.003 -22"><span class='ocrx_word' id='word_1_18' title='bbox 112 861 208 942; x_wconf 94' lang='lat' dir='ltr'>quod</span> <span class='ocrx_word' id='word_1_19' title='bbox 241 860 303 922; x_wconf 93' lang='lat' dir='ltr'>nisi</span> <span class='ocrx_word' id='word_1_20' title='bbox 334 858 448 941; x_wconf 92' lang='lat' dir='ltr'>aliquo</span> <span class='ocrx_word' id='word_1_21' title='bbox 481 841 584 922; x_wconf 84' lang='lat' dir='ltr'>modo</span> <span class='ocrx_word' id='word_1_22' title='bbox 607 868 659 922; x_wconf 91' lang='lat' dir='ltr'>est</span> <span class='ocrx_word' id='word_1_23' title='bbox 682 880 890 943; x_wconf 88' lang='lat' dir='ltr'>expressum,</span> <span class='ocrx_word' id='word_1_24' title='bbox 915 882 1104 944; x_wconf 88' lang='lat' dir='ltr'>pronomen</span> <span class='ocrx_word' id='word_1_25' title='bbox 1128 864 1236 927; x_wconf 81' lang='lat' dir='ltr'>eodem</span> <span class='ocrx_word' id='word_1_26' title='bbox 1260 863 1307 926; x_wconf 92' lang='lat' dir='ltr'>nil</span> 
     </span>
     <span class='ocr_line' id='line_1_5' title="bbox 111 977 1307 1064; baseline 0.004 -24"><span class='ocrx_word' id='word_1_27' title='bbox 111 977 220 1041; x_wconf 90' lang='lat' dir='ltr'>habet</span> <span class='ocrx_word' id='word_1_28' title='bbox 251 998 320 1060; x_wconf 93' lang='lat' dir='ltr'>quo</span> <span class='ocrx_word' id='word_1_29' title='bbox 351 977 523 1041; x_wconf 83' lang='lat' dir='ltr'>referatur.</span> <span class='ocrx_word' id='word_1_30' title='bbox 556 978 692 1060; x_wconf 86' lang='lat' dir='ltr'>Integra</span> <span class='ocrx_word' id='word_1_31' title='bbox 723 979 787 1042; x_wconf 88' lang='lat' dir='ltr'>erit</span> <span class='ocrx_word' id='word_1_32' title='bbox 810 981 990 1056; x_wconf 90' lang='lat' dir='ltr'>sententia,</span> <span class='ocrx_word' id='word_1_33' title='bbox 1015 982 1041 1044; x_wconf 94' lang='lat' dir='ltr'>si</span> <span class='ocrx_word' id='word_1_34' title='bbox 1067 982 1115 1044; x_wconf 92' lang='lat' dir='ltr'>sic</span> <span class='ocrx_word' id='word_1_35' title='bbox 1139 981 1307 1064; x_wconf 86' lang='lat' dir='ltr'>legemus:</span> 
     </span>
     <span class='ocr_line' id='line_1_6' title="bbox 117 1097 1308 1179; baseline 0.003 -19"><span class='ocrx_word' id='word_1_36' title='bbox 117 1098 242 1178; x_wconf 78' lang='lat' dir='ltr'>„etiam</span> <span class='ocrx_word' id='word_1_37' title='bbox 273 1117 361 1178; x_wconf 91' lang='lat' dir='ltr'>quae</span> <span class='ocrx_word' id='word_1_38' title='bbox 391 1097 576 1179; x_wconf 87' lang='lat' dir='ltr'>longinqua</span> <span class='ocrx_word' id='word_1_39' title='bbox 607 1117 724 1161; x_wconf 82' lang='lat' dir='ltr'>secura</span> <span class='ocrx_word' id='word_1_40' title='bbox 755 1099 981 1176; x_wconf 84' lang='lat' dir='ltr'>crediderant,</span> <span class='ocrx_word' id='word_1_41' title='bbox 1013 1100 1047 1162; x_wconf 91' lang='lat' dir='ltr'>in</span> <span class='ocrx_word' id='word_1_42' title='bbox 1079 1101 1200 1164; x_wconf 89' lang='lat' dir='ltr'>eodem</span> <span class='ocrx_word' id='word_1_43' title='bbox 1230 1121 1308 1165; x_wconf 91' lang='lat' dir='ltr'>casu</span> 
     </span>
     <span class='ocr_line' id='line_1_7' title="bbox 113 1215 1307 1302; baseline 0.003 -24"><span class='ocrx_word' id='word_1_44' title='bbox 113 1215 365 1299; x_wconf 89' lang='lat' dir='ltr'>reperiebant.”</span> <span class='ocrx_word' id='word_1_45' title='bbox 390 1217 511 1298; x_wconf 87' lang='lat' dir='ltr'>Neque</span> <span class='ocrx_word' id='word_1_46' title='bbox 536 1215 622 1279; x_wconf 88' lang='lat' dir='ltr'>male</span> <span class='ocrx_word' id='word_1_47' title='bbox 646 1236 708 1299; x_wconf 91' lang='lat' dir='ltr'>pro</span> <span class='ocrx_word' id='word_1_48' title='bbox 731 1238 848 1280; x_wconf 79' lang='lat' dir='ltr'>secura</span> <span class='ocrx_word' id='word_1_49' title='bbox 873 1217 919 1280; x_wconf 84' lang='lat' dir='ltr'>ibi</span> <span class='ocrx_word' id='word_1_50' title='bbox 940 1229 1022 1294; x_wconf 86' lang='lat' dir='ltr'>tuta,</span> <span class='ocrx_word' id='word_1_51' title='bbox 1043 1219 1177 1302; x_wconf 67' lang='lat' dir='ltr'>integra</span> <span class='ocrx_word' id='word_1_52' title='bbox 1197 1221 1307 1282; x_wconf 90' lang='lat' dir='ltr'>simm.</span> 
     </span>
     <span class='ocr_line' id='line_1_8' title="bbox 24 1335 1031 1420; baseline 0 -21"><span class='ocrx_word' id='word_1_53' title='bbox 24 1403 27 1408; x_wconf 73' lang='grc'><strong>,</strong></span> <span class='ocrx_word' id='word_1_54' title='bbox 113 1355 293 1418; x_wconf 89' lang='lat' dir='ltr'>ponemus,</span> <span class='ocrx_word' id='word_1_55' title='bbox 319 1337 422 1400; x_wconf 91' lang='lat' dir='ltr'>modo</span> <span class='ocrx_word' id='word_1_56' title='bbox 445 1336 509 1399; x_wconf 93' lang='lat' dir='ltr'>hac</span> <span class='ocrx_word' id='word_1_57' title='bbox 533 1336 663 1400; x_wconf 90' lang='lat' dir='ltr'>ratione</span> <span class='ocrx_word' id='word_1_58' title='bbox 688 1335 799 1400; x_wconf 92' lang='lat' dir='ltr'>locum</span> <span class='ocrx_word' id='word_1_59' title='bbox 823 1336 1031 1420; x_wconf 84' lang='lat' dir='ltr'><strong>expleamus.</strong></span> 
     </span>
    </p>
   </div>
   <div class='ocr_carea' id='block_1_5' title="bbox 107 1574 1381 3334">
    <p class='ocr_par' dir='ltr' id='par_1_5' title="bbox 161 1574 1306 1659">
     <span class='ocr_line' id='line_1_9' title="bbox 161 1574 1306 1659; baseline 0 -21"><span class='ocrx_word' id='word_1_60' title='bbox 161 1577 202 1638; x_wconf 90' lang='lat' dir='ltr'>In</span> <span class='ocrx_word' id='word_1_61' title='bbox 223 1576 414 1639; x_wconf 82' lang='lat' dir='ltr'>narratione</span> <span class='ocrx_word' id='word_1_62' title='bbox 435 1577 477 1639; x_wconf 94' lang='lat' dir='ltr'>de</span> <span class='ocrx_word' id='word_1_63' title='bbox 498 1576 619 1638; x_wconf 91' lang='lat' dir='ltr'>eodem</span> <span class='ocrx_word' id='word_1_64' title='bbox 641 1575 799 1638; x_wconf 89' lang='lat' dir='ltr'>incendio</span> <span class='ocrx_word' id='word_1_65' title='bbox 818 1595 920 1658; x_wconf 89' lang='lat' dir='ltr'>porro</span> <span class='ocrx_word' id='word_1_66' title='bbox 939 1574 1061 1658; x_wconf 86' lang='lat' dir='ltr'>legitur</span> <span class='ocrx_word' id='word_1_67' title='bbox 1074 1576 1129 1659; x_wconf 88' lang='lat' dir='ltr'>(A.</span> <span class='ocrx_word' id='word_1_68' title='bbox 1144 1575 1223 1652; x_wconf 90' lang='lat' dir='ltr'>XV,</span> <span class='ocrx_word' id='word_1_69' title='bbox 1235 1577 1306 1658; x_wconf 86' lang='lat'><strong>40):</strong></span> 
     </span>
    </p>

    <p class='ocr_par' dir='ltr' id='par_1_6' title="bbox 111 1694 1381 2142">
     <span class='ocr_line' id='line_1_10' title="bbox 166 1694 1308 1778; baseline -0.001 -19"><span class='ocrx_word' id='word_1_70' title='bbox 166 1694 291 1776; x_wconf 84' lang='lat' dir='ltr'>,Sexto</span> <span class='ocrx_word' id='word_1_71' title='bbox 315 1696 453 1759; x_wconf 91' lang='lat' dir='ltr'>demum</span> <span class='ocrx_word' id='word_1_72' title='bbox 478 1696 533 1758; x_wconf 89' lang='lat' dir='ltr'>die</span> <span class='ocrx_word' id='word_1_73' title='bbox 557 1696 648 1778; x_wconf 91' lang='lat' dir='ltr'>apud</span> <span class='ocrx_word' id='word_1_74' title='bbox 669 1695 754 1757; x_wconf 92' lang='lat' dir='ltr'>imas</span> <span class='ocrx_word' id='word_1_75' title='bbox 778 1695 947 1776; x_wconf 87' lang='lat' dir='ltr'>Esquilias</span> <span class='ocrx_word' id='word_1_76' title='bbox 967 1694 1042 1757; x_wconf 89' lang='lat' dir='ltr'>finis</span> <span class='ocrx_word' id='word_1_77' title='bbox 1063 1695 1221 1759; x_wconf 90' lang='lat' dir='ltr'>incendio</span> <span class='ocrx_word' id='word_1_78' title='bbox 1242 1694 1308 1758; x_wconf 84' lang='lat' dir='ltr'>lac·</span> 
     </span>
     <span class='ocr_line' id='line_1_11' title="bbox 111 1812 1381 1898; baseline 0 -20"><span class='ocrx_word' id='word_1_79' title='bbox 111 1825 180 1890; x_wconf 90' lang='lat' dir='ltr'>tus,</span> <span class='ocrx_word' id='word_1_80' title='bbox 205 1815 353 1897; x_wconf 91' lang='lat' dir='ltr'>prorutis</span> <span class='ocrx_word' id='word_1_81' title='bbox 378 1834 438 1898; x_wconf 89' lang='lat' dir='ltr'>per</span> <span class='ocrx_word' id='word_1_82' title='bbox 458 1814 659 1877; x_wconf 90' lang='lat' dir='ltr'>immensum</span> <span class='ocrx_word' id='word_1_83' title='bbox 680 1812 852 1890; x_wconf 87' lang='lat' dir='ltr'>aedificiis,</span> <span class='ocrx_word' id='word_1_84' title='bbox 874 1823 910 1876; x_wconf 92' lang='lat' dir='ltr'>ut</span> <span class='ocrx_word' id='word_1_85' title='bbox 931 1814 1114 1878; x_wconf 87' lang='lat' dir='ltr'>continuae</span> <span class='ocrx_word' id='word_1_86' title='bbox 1127 1814 1308 1878; x_wconf 87' lang='lat' dir='ltr'>violentiae</span> <span class='ocrx_word' id='word_1_87' title='bbox 1379 1845 1381 1850; x_wconf 96' lang='lat'>·</span> 
     </span>
     <span class='ocr_line' id='line_1_12' title="bbox 111 1933 1309 2018; baseline 0 -20"><span class='ocrx_word' id='word_1_88' title='bbox 111 1953 257 2016; x_wconf 88' lang='lat' dir='ltr'>campus</span> <span class='ocrx_word' id='word_1_89' title='bbox 288 1942 323 1996; x_wconf 92' lang='lat' dir='ltr'>et</span> <span class='ocrx_word' id='word_1_90' title='bbox 354 1933 447 1996; x_wconf 91' lang='lat' dir='ltr'>velut</span> <span class='ocrx_word' id='word_1_91' title='bbox 479 1952 623 1996; x_wconf 89' lang='lat' dir='ltr'>vacuum</span> <span class='ocrx_word' id='word_1_92' title='bbox 655 1933 786 1996; x_wconf 89' lang='lat' dir='ltr'>caelum</span> <span class='ocrx_word' id='word_1_93' title='bbox 818 1941 1020 2005; x_wconf 81' lang='lat' dir='ltr'>occurreret.</span> <span class='ocrx_word' id='word_1_94' title='bbox 1056 1933 1203 1998; x_wconf 82' lang='lat' dir='ltr'><em>Necdum</em></span> <span class='ocrx_word' id='word_1_95' title='bbox 1231 1945 1309 2018; x_wconf 84' lang='lat' dir='ltr'>post</span> 
     </span>
     <span class='ocr_line' id='line_1_13' title="bbox 112 2030 1159 2142; baseline -0.002 -20"><span class='ocrx_word' id='word_1_96' title='bbox 112 2071 220 2123; x_wconf 83' lang='lat' dir='ltr'>metus</span> <span class='ocrx_word' id='word_1_97' title='bbox 242 2070 304 2122; x_wconf 82' lang='lat' dir='ltr'>aut</span> <span class='ocrx_word' id='word_1_98' title='bbox 325 2058 473 2122; x_wconf 79' lang='lat' dir='ltr'>rediebat</span> <span class='ocrx_word' id='word_1_99' title='bbox 495 2030 572 2121; x_wconf 71' lang='lat' dir='ltr'>ledis</span> <span class='ocrx_word' id='word_1_100' title='bbox 675 2078 812 2121; x_wconf 86' lang='lat' dir='ltr'>rursum</span> <span class='ocrx_word' id='word_1_101' title='bbox 833 2070 1015 2140; x_wconf 68' lang='lat' dir='ltr'>grassatus</span> <span class='ocrx_word' id='word_1_102' title='bbox 1038 2057 1159 2142; x_wconf 49' lang='lat' dir='ltr'>ignis?</span> 
     </span>
    </p>

    <p class='ocr_par' dir='ltr' id='par_1_7' title="bbox 107 2176 1309 2742">
     <span class='ocr_line' id='line_1_14' title="bbox 163 2176 1308 2241; baseline 0 -1"><span class='ocrx_word' id='word_1_103' title='bbox 163 2177 256 2241; x_wconf 90' lang='lat' dir='ltr'>Haec</span> <span class='ocrx_word' id='word_1_104' title='bbox 289 2177 471 2240; x_wconf 89' lang='lat' dir='ltr'>verborum</span> <span class='ocrx_word' id='word_1_105' title='bbox 502 2177 623 2239; x_wconf 90' lang='lat' dir='ltr'>rudera</span> <span class='ocrx_word' id='word_1_106' title='bbox 649 2185 727 2240; x_wconf 91' lang='lat' dir='ltr'>sunt</span> <span class='ocrx_word' id='word_1_107' title='bbox 751 2177 785 2240; x_wconf 91' lang='lat' dir='ltr'>in</span> <span class='ocrx_word' id='word_1_108' title='bbox 809 2177 938 2239; x_wconf 90' lang='lat' dir='ltr'>codice.</span> <span class='ocrx_word' id='word_1_109' title='bbox 964 2176 1064 2240; x_wconf 86' lang='lat' dir='ltr'>Haud</span> <span class='ocrx_word' id='word_1_110' title='bbox 1090 2177 1193 2241; x_wconf 92' lang='lat' dir='ltr'>dubie</span> <span class='ocrx_word' id='word_1_111' title='bbox 1216 2185 1308 2240; x_wconf 86' lang='lat' dir='ltr'>recte</span> 
     </span>
     <span class='ocr_line' id='line_1_15' title="bbox 112 2295 1306 2380; baseline -0.003 -19"><span class='ocrx_word' id='word_1_112' title='bbox 112 2299 265 2380; x_wconf 89' lang='lat' dir='ltr'>reposita</span> <span class='ocrx_word' id='word_1_113' title='bbox 285 2297 353 2359; x_wconf 93' lang='lat' dir='ltr'>iam</span> <span class='ocrx_word' id='word_1_114' title='bbox 372 2304 450 2358; x_wconf 90' lang='lat' dir='ltr'>sunt</span> <span class='ocrx_word' id='word_1_115' title='bbox 472 2295 613 2358; x_wconf 86' lang='lat' dir='ltr'>haecce:</span> <span class='ocrx_word' id='word_1_116' title='bbox 638 2296 803 2376; x_wconf 74' lang='lat' dir='ltr'>„necdum</span> <span class='ocrx_word' id='word_1_117' title='bbox 825 2295 936 2378; x_wconf 90' lang='lat' dir='ltr'>posito</span> <span class='ocrx_word' id='word_1_118' title='bbox 959 2305 1050 2360; x_wconf 93' lang='lat' dir='ltr'>metu</span> <span class='ocrx_word' id='word_1_119' title='bbox 1071 2296 1204 2359; x_wconf 85' lang='lat' dir='ltr'>redibat</span> <span class='ocrx_word' id='word_1_120' title='bbox 1217 2296 1306 2359; x_wconf 92' lang='lat' dir='ltr'>haud</span> 
     </span>
     <span class='ocr_line' id='line_1_16' title="bbox 111 2413 1309 2498; baseline -0.003 -16"><span class='ocrx_word' id='word_1_121' title='bbox 111 2417 254 2492; x_wconf 90' lang='lat' dir='ltr'>levius”,</span> <span class='ocrx_word' id='word_1_122' title='bbox 287 2436 431 2498; x_wconf 92' lang='lat' dir='ltr'>quorum</span> <span class='ocrx_word' id='word_1_123' title='bbox 464 2423 595 2498; x_wconf 88' lang='lat' dir='ltr'>partem</span> <span class='ocrx_word' id='word_1_124' title='bbox 628 2414 794 2496; x_wconf 88' lang='lat' dir='ltr'>praebent</span> <span class='ocrx_word' id='word_1_125' title='bbox 821 2413 1057 2494; x_wconf 81' lang='lat' dir='ltr'>„deteriores”,</span> <span class='ocrx_word' id='word_1_126' title='bbox 1083 2435 1161 2496; x_wconf 91' lang='lat' dir='ltr'>pars</span> <span class='ocrx_word' id='word_1_127' title='bbox 1184 2435 1205 2478; x_wconf 91' lang='lat' dir='ltr'>a</span> <span class='ocrx_word' id='word_1_128' title='bbox 1229 2416 1309 2478; x_wconf 87' lang='lat' dir='ltr'>viris</span> 
     </span>
     <span class='ocr_line' id='line_1_17' title="bbox 112 2532 1305 2617; baseline -0.004 -16"><span class='ocrx_word' id='word_1_129' title='bbox 112 2539 226 2601; x_wconf 89' lang='lat' dir='ltr'>doctis</span> <span class='ocrx_word' id='word_1_130' title='bbox 261 2542 313 2598; x_wconf 92' lang='lat' dir='ltr'>est</span> <span class='ocrx_word' id='word_1_131' title='bbox 347 2536 495 2598; x_wconf 91' lang='lat' dir='ltr'>inventa.</span> <span class='ocrx_word' id='word_1_132' title='bbox 539 2534 625 2596; x_wconf 91' lang='lat' dir='ltr'>Tum</span> <span class='ocrx_word' id='word_1_133' title='bbox 662 2554 727 2617; x_wconf 85' lang='lat' dir='ltr'>ego</span> <span class='ocrx_word' id='word_1_134' title='bbox 759 2553 821 2616; x_wconf 92' lang='lat' dir='ltr'>pro</span> <span class='ocrx_word' id='word_1_135' title='bbox 848 2546 1030 2616; x_wconf 87' lang='lat' dir='ltr'>grassatus</span> <span class='ocrx_word' id='word_1_136' title='bbox 1060 2532 1172 2615; x_wconf 85' lang='lat' dir='ltr'>legere</span> <span class='ocrx_word' id='word_1_137' title='bbox 1204 2535 1305 2597; x_wconf 90' lang='lat' dir='ltr'>velim</span> 
     </span>
     <span class='ocr_line' id='line_1_18' title="bbox 107 2653 799 2742; baseline -0.009 -21"><span class='ocrx_word' id='word_1_138' title='bbox 107 2669 349 2742; x_wconf 83' lang='lat' dir='ltr'>grassaturus,</span> <span class='ocrx_word' id='word_1_139' title='bbox 373 2663 410 2718; x_wconf 93' lang='lat' dir='ltr'>ut</span> <span class='ocrx_word' id='word_1_140' title='bbox 433 2663 506 2718; x_wconf 91' lang='lat' dir='ltr'>tota</span> <span class='ocrx_word' id='word_1_141' title='bbox 530 2655 700 2717; x_wconf 90' lang='lat' dir='ltr'>sententia</span> <span class='ocrx_word' id='word_1_142' title='bbox 724 2653 799 2716; x_wconf 87' lang='lat' dir='ltr'>fiat:</span> 
     </span>
    </p>

    <p class='ocr_par' dir='ltr' id='par_1_8' title="bbox 111 2771 1306 2977">
     <span class='ocr_line' id='line_1_19' title="bbox 164 2771 1306 2858; baseline -0.004 -19"><span class='ocrx_word' id='word_1_143' title='bbox 164 2776 340 2858; x_wconf 81' lang='lat' dir='ltr'>,Necdum</span> <span class='ocrx_word' id='word_1_144' title='bbox 371 2774 482 2857; x_wconf 89' lang='lat' dir='ltr'>posito</span> <span class='ocrx_word' id='word_1_145' title='bbox 507 2780 600 2836; x_wconf 88' lang='lat' dir='ltr'>metu</span> <span class='ocrx_word' id='word_1_146' title='bbox 625 2773 756 2836; x_wconf 91' lang='lat' dir='ltr'>redibat</span> <span class='ocrx_word' id='word_1_147' title='bbox 780 2771 870 2835; x_wconf 94' lang='lat' dir='ltr'>haud</span> <span class='ocrx_word' id='word_1_148' title='bbox 895 2771 1001 2834; x_wconf 90' lang='lat' dir='ltr'>levius</span> <span class='ocrx_word' id='word_1_149' title='bbox 1025 2791 1154 2834; x_wconf 91' lang='lat' dir='ltr'>rursum</span> <span class='ocrx_word' id='word_1_150' title='bbox 1178 2792 1306 2853; x_wconf 87' lang='lat' dir='ltr'>grassa·</span> 
     </span>
     <span class='ocr_line' id='line_1_20' title="bbox 111 2892 354 2977; baseline -0.012 -19"><span class='ocrx_word' id='word_1_151' title='bbox 111 2905 210 2958; x_wconf 88' lang='lat' dir='ltr'>turus</span> <span class='ocrx_word' id='word_1_152' title='bbox 233 2892 354 2977; x_wconf 84' lang='lat' dir='ltr'>ignis.”</span> 
     </span>
    </p>

    <p class='ocr_par' dir='ltr' id='par_1_9' title="bbox 112 3008 1307 3334">
     <span class='ocr_line' id='line_1_21' title="bbox 161 3008 1306 3096; baseline -0.001 -20"><span class='ocrx_word' id='word_1_153' title='bbox 161 3014 307 3096; x_wconf 87' lang='lat' dir='ltr'>Egregie</span> <span class='ocrx_word' id='word_1_154' title='bbox 328 3032 417 3076; x_wconf 91' lang='lat' dir='ltr'>nunc</span> <span class='ocrx_word' id='word_1_155' title='bbox 437 3011 553 3093; x_wconf 87' lang='lat' dir='ltr'>paucis</span> <span class='ocrx_word' id='word_1_156' title='bbox 570 3010 681 3072; x_wconf 91' lang='lat' dir='ltr'>verbis</span> <span class='ocrx_word' id='word_1_157' title='bbox 694 3008 993 3092; x_wconf 90' lang='lat' dir='ltr'>comprehenditur</span> <span class='ocrx_word' id='word_1_158' title='bbox 1005 3011 1097 3091; x_wconf 94' lang='lat' dir='ltr'>quod</span> <span class='ocrx_word' id='word_1_159' title='bbox 1110 3010 1189 3074; x_wconf 90' lang='lat' dir='ltr'>dein</span> <span class='ocrx_word' id='word_1_160' title='bbox 1203 3010 1306 3075; x_wconf 89' lang='lat' dir='ltr'>fusius</span> 
     </span>
     <span class='ocr_line' id='line_1_22' title="bbox 112 3127 1307 3212; baseline -0.003 -16"><span class='ocrx_word' id='word_1_161' title='bbox 112 3141 304 3196; x_wconf 84' lang='lat' dir='ltr'>enarratur:</span> <span class='ocrx_word' id='word_1_162' title='bbox 330 3131 458 3212; x_wconf 81' lang='lat' dir='ltr'>„minor</span> <span class='ocrx_word' id='word_1_163' title='bbox 477 3130 616 3212; x_wconf 91' lang='lat' dir='ltr'>quidem</span> <span class='ocrx_word' id='word_1_164' title='bbox 633 3128 766 3212; x_wconf 88' lang='lat' dir='ltr'>peribat</span> <span class='ocrx_word' id='word_1_165' title='bbox 777 3127 953 3192; x_wconf 91' lang='lat' dir='ltr'>hominum</span> <span class='ocrx_word' id='word_1_166' title='bbox 967 3149 1125 3193; x_wconf 89' lang='lat' dir='ltr'>numerus</span> <span class='ocrx_word' id='word_1_167' title='bbox 1137 3131 1197 3192; x_wconf 90' lang='lat' dir='ltr'>sed</span> <span class='ocrx_word' id='word_1_168' title='bbox 1211 3128 1307 3212; x_wconf 87' lang='lat' dir='ltr'>plura</span> 
     </span>
     <span class='ocr_line' id='line_1_23' title="bbox 112 3229 933 3334; baseline -0.007 -18"><span class='ocrx_word' id='word_1_169' title='bbox 112 3251 270 3318; x_wconf 90' lang='lat' dir='ltr'>aedificia</span> <span class='ocrx_word' id='word_1_170' title='bbox 295 3271 419 3334; x_wconf 87' lang='lat' dir='ltr'>magna</span> <span class='ocrx_word' id='word_1_171' title='bbox 442 3250 555 3314; x_wconf 89' lang='lat' dir='ltr'>deleta</span> <span class='ocrx_word' id='word_1_172' title='bbox 578 3247 688 3312; x_wconf 91' lang='lat' dir='ltr'>sunt.”</span> <span class='ocrx_word' id='word_1_173' title='bbox 927 3229 933 3236; x_wconf 36' lang='lat'>²</span> 
     </span>
    </p>
   </div>
   <div class='ocr_carea' id='block_1_6' title="bbox 106 3487 1306 4394">
    <p class='ocr_par' dir='ltr' id='par_1_10' title="bbox 110 3487 1306 3932">
     <span class='ocr_line' id='line_1_24' title="bbox 160 3487 1306 3570; baseline 0 -16"><span class='ocrx_word' id='word_1_174' title='bbox 160 3490 204 3554; x_wconf 89' lang='lat' dir='ltr'>A.</span> <span class='ocrx_word' id='word_1_175' title='bbox 228 3490 305 3564; x_wconf 89' lang='lat' dir='ltr'>XV,</span> <span class='ocrx_word' id='word_1_176' title='bbox 332 3503 382 3570; x_wconf 84' lang='lat'>55.</span> <span class='ocrx_word' id='word_1_177' title='bbox 407 3489 580 3552; x_wconf 85' lang='lat' dir='ltr'>indicatus</span> <span class='ocrx_word' id='word_1_178' title='bbox 603 3509 623 3551; x_wconf 90' lang='lat' dir='ltr'>a</span> <span class='ocrx_word' id='word_1_179' title='bbox 646 3487 769 3550; x_wconf 90' lang='lat' dir='ltr'>liberto</span> <span class='ocrx_word' id='word_1_180' title='bbox 792 3506 853 3550; x_wconf 89' lang='lat' dir='ltr'>suo</span> <span class='ocrx_word' id='word_1_181' title='bbox 880 3487 1018 3549; x_wconf 90' lang='lat' dir='ltr'>Milicho</span> <span class='ocrx_word' id='word_1_182' title='bbox 1042 3488 1226 3553; x_wconf 87' lang='lat' dir='ltr'>Scaevinus</span> <span class='ocrx_word' id='word_1_183' title='bbox 1250 3513 1306 3554; x_wconf 88' lang='lat' dir='ltr'>va·</span> 
     </span>
     <span class='ocr_line' id='line_1_25' title="bbox 112 3604 1304 3690; baseline -0.003 -16"><span class='ocrx_word' id='word_1_184' title='bbox 112 3613 172 3675; x_wconf 89' lang='lat' dir='ltr'>riis</span> <span class='ocrx_word' id='word_1_185' title='bbox 202 3611 313 3674; x_wconf 91' lang='lat' dir='ltr'>modis</span> <span class='ocrx_word' id='word_1_186' title='bbox 336 3607 484 3690; x_wconf 86' lang='lat' dir='ltr'>singulas</span> <span class='ocrx_word' id='word_1_187' title='bbox 508 3627 571 3682; x_wconf 88' lang='lat' dir='ltr'>res,</span> <span class='ocrx_word' id='word_1_188' title='bbox 595 3606 717 3688; x_wconf 91' lang='lat' dir='ltr'>quibus</span> <span class='ocrx_word' id='word_1_189' title='bbox 741 3605 785 3668; x_wconf 89' lang='lat' dir='ltr'>ab</span> <span class='ocrx_word' id='word_1_190' title='bbox 809 3604 867 3667; x_wconf 93' lang='lat' dir='ltr'>illo</span> <span class='ocrx_word' id='word_1_191' title='bbox 891 3605 924 3666; x_wconf 93' lang='lat' dir='ltr'>in</span> <span class='ocrx_word' id='word_1_192' title='bbox 949 3607 1176 3687; x_wconf 88' lang='lat' dir='ltr'>suspicionem</span> <span class='ocrx_word' id='word_1_193' title='bbox 1200 3609 1304 3671; x_wconf 93' lang='lat' dir='ltr'>addu-</span> 
     </span>
     <span class='ocr_line' id='line_1_26' title="bbox 110 3723 1305 3810; baseline -0.004 -16"><span class='ocrx_word' id='word_1_194' title='bbox 110 3733 200 3795; x_wconf 92' lang='lat' dir='ltr'>citur</span> <span class='ocrx_word' id='word_1_195' title='bbox 220 3739 396 3810; x_wconf 87' lang='lat' dir='ltr'>tamquam</span> <span class='ocrx_word' id='word_1_196' title='bbox 417 3746 539 3790; x_wconf 90' lang='lat' dir='ltr'>arcana</span> <span class='ocrx_word' id='word_1_197' title='bbox 559 3727 727 3808; x_wconf 89' lang='lat' dir='ltr'>quaedam</span> <span class='ocrx_word' id='word_1_198' title='bbox 748 3733 782 3786; x_wconf 91' lang='lat' dir='ltr'>et</span> <span class='ocrx_word' id='word_1_199' title='bbox 795 3723 927 3786; x_wconf 81' lang='lat' dir='ltr'>funesta</span> <span class='ocrx_word' id='word_1_200' title='bbox 940 3723 1145 3806; x_wconf 87' lang='lat' dir='ltr'>reipublicae</span> <span class='ocrx_word' id='word_1_201' title='bbox 1161 3725 1305 3801; x_wconf 69' lang='lat' dir='ltr'>molitus</span> 
     </span>
     <span class='ocr_line' id='line_1_27' title="bbox 110 3845 704 3932; baseline -0.01 -20"><span class='ocrx_word' id='word_1_202' title='bbox 110 3849 286 3932; x_wconf 89' lang='lat' dir='ltr'>explicare</span> <span class='ocrx_word' id='word_1_203' title='bbox 309 3855 345 3910; x_wconf 90' lang='lat' dir='ltr'>et</span> <span class='ocrx_word' id='word_1_204' title='bbox 367 3847 550 3910; x_wconf 89' lang='lat' dir='ltr'>defendere</span> <span class='ocrx_word' id='word_1_205' title='bbox 574 3845 704 3908; x_wconf 89' lang='lat' dir='ltr'>studet:</span> 
     </span>
    </p>

    <p class='ocr_par' dir='ltr' id='par_1_11' title="bbox 106 3964 1306 4394">
     <span class='ocr_line' id='line_1_28' title="bbox 162 3964 1306 4049; baseline -0.003 -18"><span class='ocrx_word' id='word_1_206' title='bbox 162 3968 346 4049; x_wconf 77' lang='lat' dir='ltr'>„Pecunias</span> <span class='ocrx_word' id='word_1_207' title='bbox 369 3976 404 4031; x_wconf 91' lang='lat' dir='ltr'>et</span> <span class='ocrx_word' id='word_1_208' title='bbox 427 3966 601 4029; x_wconf 91' lang='lat' dir='ltr'>libertates</span> <span class='ocrx_word' id='word_1_209' title='bbox 624 3964 729 4027; x_wconf 90' lang='lat' dir='ltr'>servis</span> <span class='ocrx_word' id='word_1_210' title='bbox 749 3971 783 4024; x_wconf 91' lang='lat' dir='ltr'>et</span> <span class='ocrx_word' id='word_1_211' title='bbox 803 3969 883 4024; x_wconf 88' lang='lat' dir='ltr'>ante</span> <span class='ocrx_word' id='word_1_212' title='bbox 904 3964 996 4025; x_wconf 92' lang='lat' dir='ltr'>dono</span> <span class='ocrx_word' id='word_1_213' title='bbox 1017 3964 1122 4038; x_wconf 89' lang='lat' dir='ltr'>datas,</span> <span class='ocrx_word' id='word_1_214' title='bbox 1146 3965 1205 4027; x_wconf 92' lang='lat' dir='ltr'>sed</span> <span class='ocrx_word' id='word_1_215' title='bbox 1227 3965 1306 4027; x_wconf 92' lang='lat' dir='ltr'>ideo</span> 
     </span>
     <span class='ocr_line' id='line_1_29' title="bbox 107 4080 1306 4168; baseline -0.006 -15"><span class='ocrx_word' id='word_1_216' title='bbox 107 4100 194 4154; x_wconf 93' lang='lat' dir='ltr'>tunc</span> <span class='ocrx_word' id='word_1_217' title='bbox 218 4087 354 4168; x_wconf 74' lang='lat' dir='ltr'>largius</span> <span class='ocrx_word' id='word_1_218' title='bbox 378 4087 458 4168; x_wconf 92' lang='lat' dir='ltr'>quia</span> <span class='ocrx_word' id='word_1_219' title='bbox 480 4085 573 4148; x_wconf 89' lang='lat' dir='ltr'>tenui</span> <span class='ocrx_word' id='word_1_220' title='bbox 598 4084 664 4146; x_wconf 92' lang='lat' dir='ltr'>iam</span> <span class='ocrx_word' id='word_1_221' title='bbox 689 4103 723 4144; x_wconf 90' lang='lat' dir='ltr'>re</span> <span class='ocrx_word' id='word_1_222' title='bbox 744 4080 898 4144; x_wconf 86' lang='lat' dir='ltr'>familiari</span> <span class='ocrx_word' id='word_1_223' title='bbox 919 4091 954 4144; x_wconf 91' lang='lat' dir='ltr'>et</span> <span class='ocrx_word' id='word_1_224' title='bbox 974 4083 1178 4146; x_wconf 88' lang='lat' dir='ltr'>instantibus</span> <span class='ocrx_word' id='word_1_225' title='bbox 1199 4084 1306 4146; x_wconf 91' lang='lat' dir='ltr'>credi·</span> 
     </span>
     <span class='ocr_line' id='line_1_30' title="bbox 107 4201 1305 4285; baseline -0.008 -12"><span class='ocrx_word' id='word_1_226' title='bbox 107 4208 244 4273; x_wconf 89' lang='lat' dir='ltr'>toribus</span> <span class='ocrx_word' id='word_1_227' title='bbox 256 4213 463 4269; x_wconf 91' lang='lat' dir='ltr'>testamento</span> <span class='ocrx_word' id='word_1_228' title='bbox 476 4203 655 4267; x_wconf 89' lang='lat' dir='ltr'>diffideret.</span> <span class='ocrx_word' id='word_1_229' title='bbox 678 4201 862 4264; x_wconf 90' lang='lat' dir='ltr'>Enimvero</span> <span class='ocrx_word' id='word_1_230' title='bbox 875 4201 1030 4264; x_wconf 88' lang='lat' dir='ltr'>liberales</span> <span class='ocrx_word' id='word_1_231' title='bbox 1043 4221 1176 4285; x_wconf 88' lang='lat' dir='ltr'>semper</span> <span class='ocrx_word' id='word_1_232' title='bbox 1189 4202 1305 4284; x_wconf 91' lang='lat' dir='ltr'>epulas</span> 
     </span>
     <span class='ocr_line' id='line_1_31' title="bbox 106 4321 1306 4394; baseline -0.01 0"><span class='ocrx_word' id='word_1_233' title='bbox 106 4329 274 4394; x_wconf 85' lang='lat' dir='ltr'>struxisse</span> <span class='ocrx_word' id='word_1_234' title='bbox 302 4327 472 4390; x_wconf 89' lang='lat' dir='ltr'>diffideret</span> <span class='ocrx_word' id='word_1_235' title='bbox 494 4323 584 4386; x_wconf 89' lang='lat' dir='ltr'>enim</span> <span class='ocrx_word' id='word_1_236' title='bbox 610 4341 691 4385; x_wconf 92' lang='lat' dir='ltr'>vero</span> <span class='ocrx_word' id='word_1_237' title='bbox 715 4321 819 4384; x_wconf 88' lang='lat' dir='ltr'>vitam</span> <span class='ocrx_word' id='word_1_238' title='bbox 844 4340 1024 4384; x_wconf 90' lang='lat' dir='ltr'>amoenam</span> <span class='ocrx_word' id='word_1_239' title='bbox 1049 4331 1082 4384; x_wconf 91' lang='lat' dir='ltr'>et</span> <span class='ocrx_word' id='word_1_240' title='bbox 1107 4322 1198 4384; x_wconf 90' lang='lat' dir='ltr'>duris</span> <span class='ocrx_word' id='word_1_241' title='bbox 1221 4321 1306 4383; x_wconf 93' lang='lat' dir='ltr'>iudi·</span> 
     </span>
    </p>
   </div>
   <div class='ocr_carea' id='block_1_7' title="bbox 108 4441 1197 4623">
    <p class='ocr_par' dir='ltr' id='par_1_12' title="bbox 108 4441 1197 4623">
     <span class='ocr_line' id='line_1_32' title="bbox 108 4441 590 4530; baseline -0.015 -18"><span class='ocrx_word' id='word_1_242' title='bbox 108 4448 209 4513; x_wconf 92' lang='lat' dir='ltr'>cibus</span> <span class='ocrx_word' id='word_1_243' title='bbox 233 4465 352 4530; x_wconf 92' lang='lat' dir='ltr'>parum</span> <span class='ocrx_word' id='word_1_244' title='bbox 378 4441 590 4529; x_wconf 89' lang='lat' dir='ltr'>probatam.”</span> 
     </span>
     <span class='ocr_line' id='line_1_33' title="bbox 1167 4571 1197 4623; baseline 0 0"><span class='ocrx_word' id='word_1_245' title='bbox 1167 4571 1197 4623; x_wconf 88' lang='lat'>¹7</span> 
     </span>
    </p>
   </div>
   <div class='ocr_carea' id='block_1_8' title="bbox 0 0 1629 5230">
    <p class='ocr_par' dir='ltr' id='par_1_13' title="bbox 0 0 1629 5230">
     <span class='ocr_line' id='line_1_34' title="bbox 0 0 1629 5230; baseline 0 0"><span class='ocrx_word' id='word_1_246' title='bbox 0 0 1629 5230; x_wconf 95' lang='lat' dir='ltr'> </span> 
     </span>
    </p>
   </div>
  </div>
 </body>
</html>
