3266 5238
912 403 954 484 98

334 578 449 640 statim
485 578 607 655 verbis,
642 599 729 663 quae
766 582 878 656 citavi,
914 581 1092 644 addendo:
1132 587 1185 660 ,et
1220 579 1308 642 male
1343 581 1527 643 coercitam

334 697 458 761 lamam
488 698 740 781 supprimentes
769 700 973 783 augebant”,
998 720 1076 764 nam
1101 699 1191 763 lama
1214 700 1257 762 de
1281 698 1352 763 srlio
1375 721 1395 762 a
1420 699 1529 764 Galba

334 819 500 903 adoptato
523 828 707 902 utcumque
731 821 874 885 coerceri
894 829 929 884 et
952 821 1120 904 supprimi
1142 829 1267 903 potest,
1292 821 1414 904 augeri
1436 820 1528 883 nullo

335 940 439 1002 modo
462 948 586 1022 potest.
610 941 810 1005 Admodum
835 940 979 1004 obscure
1001 939 1056 1003 hic
1079 940 1228 1022 loquitur
1252 940 1401 1016 Tacitus,
1427 948 1463 1003 et
1486 940 1528 1002 de

334 1078 401 1140 qua
432 1079 467 1122 re
500 1079 588 1122 nuuc
619 1061 748 1142 cogitet
772 1061 947 1144 aliquanto
972 1068 1051 1144 post
1074 1062 1214 1123 demum
1239 1059 1278 1123 fit
1301 1061 1526 1143 perspicuum.

334 1176 419 1241 Cum
451 1179 542 1242 enirn
573 1179 616 1242 de
649 1179 778 1243 Galbae
804 1182 848 1243 ad
873 1181 996 1244 milites
1020 1181 1061 1262 (c.
1092 1179 1141 1262 18)
1166 1181 1320 1243 oratione
1345 1188 1469 1254 narrat,
1494 1187 1528 1241 et

332 1297 398 1360 alia
421 1299 511 1370 inde,
526 1298 653 1382 profert
677 1309 712 1363 et
735 1301 816 1364 hoc:
846 1322 904 1382 „ac
929 1322 970 1365 ne
995 1301 1204 1364 dissimulata
1223 1301 1347 1363 seditio
1367 1301 1400 1362 in
1423 1301 1528 1363 maius

333 1418 536 1524 crederetur,
554 1419 642 1482 ultro
660 1430 830 1483 asseverat
843 1429 1000 1502 quartam
1014 1431 1049 1484 et
1061 1421 1364 1484 duoetvicesimam
1377 1419 1527 1502 legiones

333 1537 449 1619 paucis
470 1538 648 1601 seditionis
672 1540 866 1603 auctoribus
890 1560 957 1603 non
981 1540 1069 1603 ultra
1094 1540 1198 1602 verba
1218 1561 1257 1602 ac
1279 1559 1381 1602 voces
1400 1559 1527 1602 errasse

332 1665 367 1719 et
394 1655 489 1719 brevi
514 1657 547 1721 in
573 1658 684 1721 officio
708 1658 812 1722 iore.'’
836 1659 1002 1743 Magnum
1027 1681 1108 1742 ergo
1133 1659 1215 1722 illud
1238 1670 1407 1734 secretum,
1434 1660 1527 1742 quod

332 1775 496 1839 hactenus
515 1777 736 1840 coercebatur
755 1787 791 1841 et
809 1777 1094 1861 supprimebatur,
1116 1788 1167 1842 est
1187 1778 1335 1842 deiectio
1354 1779 1528 1862 legionum

332 1893 619 1971 Germanicarum,
652 1917 736 1978 quas
768 1918 901 1980 pugnae
925 1899 1108 1979 caedisque
1132 1895 1249 1960 avidas
1273 1898 1409 1961 iamiam
1433 1899 1529 1962 ad'iu·

331 2022 424 2078 turas
455 2016 555 2078 anxia
587 2016 684 2099 plebs
714 2007 911 2100 auguratur,
940 2018 990 2080 At
1021 2019 1112 2100 apud
1145 2017 1268 2081 milites
1294 2017 1403 2081 Galba
1427 2019 1528 2093 ultro,

332 2153 400 2196 non
424 2143 571 2216 rogatus,
596 2135 639 2197 de
663 2135 719 2198 illa
744 2156 778 2199 re
802 2145 936 2200 tantum
960 2146 1132 2200 asseverat
1155 2145 1320 2219 quantum
1345 2137 1419 2200 illos
1442 2138 1529 2200 scire

333 2253 415 2316 utile
439 2254 558 2317 credit.
926 2233 931 2242 ¹

376 2372 412 2436 C.
439 2373 481 2436 26
504 2374 547 2436 de
572 2374 794 2456 praetorianis
817 2375 952 2438 iamiam
971 2376 1016 2438 ad
1038 2374 1211 2439 Othonem
1232 2377 1422 2439 transituris
1442 2377 1529 2440 haec

331 2493 494 2576 legimus:

378 2614 506 2692 ,Multa
526 2614 734 2696 erumpentis
752 2614 929 2677 seditionis
948 2613 1072 2712 indicia
1093 2635 1153 2696 per
1172 2614 1326 2678 conscios
1346 2634 1529 2697 oppressa:

330 2735 498 2815 quaedam
527 2736 619 2817 apud
650 2734 780 2799 Galbae
803 2754 900 2798 aures
924 2733 1115 2816 praelectus
1139 2735 1232 2797 Laco
1256 2734 1364 2809 elusit,
1389 2735 1531 2816 ignarus

330 2853 524 2916 militarium
554 2855 743 2917 animorum
773 2854 973 2936 consiliique
997 2854 1152 2935 quamvis
1176 2854 1312 2935 egregii,
1336 2854 1430 2934 quod
1458 2875 1531 2918 non

329 2971 401 3054 ipse
424 2972 569 3048 afferret,
595 2974 749 3036 inimicus
773 2983 807 3036 et
831 2974 992 3036 adversus
1017 2973 1145 3055 peritos
1170 2971 1363 3054 pervicax.’'

331 3109 337 3119 '
373 3091 566 3156 Cornelium
591 3093 763 3156 Laconem
792 3093 1003 3174 „mortalium
1029 3090 1307 3174 ignavissimum”
1332 3093 1371 3174 (c.
1391 3092 1425 3174 6)
1447 3113 1531 3156 cum

327 3211 469 3294 legimus
496 3233 563 3275 una
586 3213 620 3275 in
645 3234 679 3275 re
699 3214 904 3296 pervicacem
930 3212 1040 3287 fuisse,
1064 3212 1180 3274 statim
1204 3213 1414 3294 suspicamur
1438 3215 1531 3277 eius-

328 3330 419 3392 modi
451 3330 542 3393 illam
573 3351 645 3394 rem
678 3332 779 3395 fuisse
810 3341 848 3394 ut
879 3332 1105 3415 pervicaciam
1130 3332 1289 3395 redderet
1314 3352 1417 3414 quam
1442 3334 1530 3398 stul·

325 3449 500 3512 tissimam.
532 3449 624 3532 Ergo
656 3450 689 3513 in
720 3452 892 3514 adiectivo
917 3453 1046 3534 peritos
1073 3471 1216 3514 acumen
1244 3450 1382 3534 aliquod
1412 3453 1530 3518 inesse

324 3569 439 3645 debet,
468 3579 503 3633 et
533 3591 650 3634 revera
677 3572 776 3646 inest,
800 3572 827 3633 si
851 3572 899 3634 sic
923 3571 1125 3653 accipimus:
1154 3572 1301 3653 „peritos
1324 3572 1529 3638 militarium

323 3689 512 3754 animorum
530 3691 677 3772 ideoque
694 3711 817 3773 gnaros
835 3690 1062 3772 periculorum
1074 3711 1094 3752 a
1107 3689 1270 3753 militibus
1287 3691 1529 3757 instantium”.

322 3809 409 3872 Tam
441 3810 540 3885 iners,
572 3812 723 3893 ignavus,
756 3811 990 3874 somnolentus
1017 3811 1121 3874 homo
1147 3811 1240 3873 Laco
1264 3819 1337 3873 erat
1361 3819 1398 3873 ut
1423 3815 1530 3894 quid-

323 3949 425 4010 quam
450 3931 588 3993 credere
614 3930 717 3993 nollet
742 3930 785 3992 de
806 3929 963 4013 periculis
983 3948 1071 4011 quae
1091 3930 1125 3992 in
1145 3930 1263 3992 castris
1284 3940 1528 4010 nascerentur;

323 4056 395 4110 tum
416 4048 554 4111 demum
563 4047 680 4115 ‚fiebat
700 4047 825 4124 firmus,
846 4049 951 4111 immo
971 4047 1094 4111 stolide
1112 4049 1283 4130 pervicax,
1297 4068 1374 4112 cum
1387 4049 1529 4133 aliquis,

304 4168 376 4234 ,cui
409 4167 532 4230 milites
564 4167 712 4230 notiores
745 4177 867 4244 essent,
900 4188 1038 4232 monere
1068 4186 1145 4230 eum
1170 4176 1205 4230 et
1229 4167 1370 4230 meliora
1395 4168 1530 4234 docere

322 4287 486 4349 studeret.

368 4405 411 4468 H.
443 4405 469 4479 I,
503 4421 554 4485 34.
594 4405 818 4485 ,Praemissus
854 4417 968 4471 tamen
1001 4407 1034 4470 in
1066 4413 1177 4470 castra
1209 4407 1285 4469 Piso
1318 4415 1355 4470 ut
1387 4408 1531 4476 iuvenis
