3228 5236
649 466 731 543 1¹99
1013 481 1027 508 ,

105 640 134 700 si
164 639 245 703 mali
267 642 398 724 forent.
436 641 480 703 Et
505 662 591 723 quae
616 644 702 706 ratio
726 645 914 707 intercedat
939 645 1026 710 inter
1049 646 1153 708 verba
1176 648 1294 710 matri·

105 760 204 823 »nonii
230 761 286 824 sui
314 761 457 843 ignarus
488 769 522 824 et
553 763 667 826 munia
698 765 845 827 censoria
876 776 1044 858 usurpans
1073 785 1208 846 prorsus
1240 786 1294 829 me

104 878 195 941 latet.
231 879 335 942 Nihili
373 880 462 942 enim
497 889 548 943 est
583 883 675 963 quod
709 882 769 944 viri
801 884 893 946 docti
925 884 1109 946 commenti
1141 894 1219 947 sunt
1251 887 1293 948 de
1362 927 1365 933 -

104 999 204 1062 sortis
234 999 379 1080 quadam
410 1000 531 1075 ironia,
563 1002 655 1081 quod
681 1003 828 1064 censoris
853 1021 990 1064 munere
1016 1002 1173 1084 iungatur
1198 1003 1294 1068 Clau·

105 1119 187 1194 diua
223 1119 295 1201 ipse
330 1121 466 1200 ignarus
500 1118 635 1201 qualem
672 1120 796 1184 habeat
832 1142 989 1198 uxorem;
1026 1123 1060 1185 id
1097 1125 1189 1204 quod
1221 1135 1293 1187 tum

104 1239 236 1301 demum
269 1239 302 1300 in
334 1237 424 1301 hunc
456 1239 567 1302 locum
593 1241 800 1315 conveniret,
825 1241 852 1303 si
877 1242 919 1303 de
944 1240 1087 1305 Claudio
1112 1243 1157 1304 ibi
1183 1262 1293 1306 narra·

103 1365 190 1419 retur
213 1357 366 1419 censoria
385 1359 552 1439 gravitate
572 1359 777 1420 matrimonii
797 1360 1055 1422 sanctimoniam
1076 1359 1293 1424 defendente.

106 1475 152 1537 At
174 1475 371 1540 theatralem
395 1478 438 1540 ab
463 1498 504 1540 eo
529 1486 720 1560 correptam
744 1478 907 1542 licentiam
931 1479 1084 1562 legimus.
1119 1481 1192 1542 Iam
1216 1501 1293 1544 cum

106 1597 310 1660 matrimonii
339 1597 478 1660 alicuius
508 1599 667 1681 ignarum
699 1597 798 1661 fuisse
831 1598 1008 1662 Claudium
1040 1600 1192 1683 legimus,
1226 1622 1293 1664 non
1368 1685 1372 1696 1

108 1735 282 1796 possumus
314 1736 382 1779 non
413 1718 563 1799 cogitare
596 1719 638 1780 de
670 1718 734 1781 illis
765 1716 836 1782 Silii
862 1719 1132 1802 Messalinaeque
1157 1722 1292 1803 nuptiis,

106 1855 186 1916 quas
218 1856 285 1899 non
317 1857 378 1919 per
409 1837 510 1900 risum
543 1839 723 1920 iocumque
756 1837 851 1900 fictas
874 1839 934 1901 sed
959 1859 1056 1901 veras
1078 1840 1292 1922 sincerasque

106 1956 201 2020 luisse
245 1957 383 2021 Tacitus
422 1959 495 2041 ipse
531 1959 675 2021 credidit
709 1967 744 2021 et
779 1959 970 2040 legentibus
1005 1962 1207 2042 persuadere
1243 1971 1293 2024 est

105 2087 251 2140 conatus
277 2078 345 2141 Res
370 2079 468 2141 nobis
491 2077 546 2140 hic
570 2086 622 2140 est
646 2099 722 2140 cum
744 2080 975 2154 annotatione,
996 2099 1104 2161 eaque
1124 2090 1294 2163 corrupta:

104 2198 135 2258 in
159 2199 308 2280 margine
333 2201 423 2261 enim
447 2200 489 2261 ad
515 2218 636 2261 vocem
655 2199 798 2281 agitarns
817 2199 1056 2281 explicandam
1078 2200 1157 2262 olim
1179 2201 1293 2283 appic-

107 2325 178 2379 tum
210 2317 271 2380 fuit
302 2319 510 2382 matrimonii
540 2317 626 2393 Silii,
659 2319 761 2400 idque
792 2319 839 2381 ita
871 2319 903 2380 in
936 2326 1069 2382 textum
1093 2320 1293 2384 translatum

106 2444 153 2497 est
186 2445 221 2498 ut
251 2456 270 2498 e
303 2435 382 2499 Silii
411 2445 605 2499 nasceretur
634 2438 696 2500 sni.
734 2436 944 2499 Praeclarum
977 2437 1053 2500 huic
1077 2440 1293 2502 coniecturae

107 2555 288 2618 subsidium
321 2556 463 2638 praebet
494 2556 689 2620 ultimorum
721 2557 841 2638 capitis
874 2556 940 2619 XII
973 2557 1154 2619 verborum
1179 2558 1290 2633 lectio,

106 2694 203 2754 quam
223 2675 334 2739 codex
354 2675 505 2738 exhibet.
531 2676 582 2738 lbi
603 2697 691 2738 nunc
712 2645 803 2738 recte
825 2697 843 2738 e
865 2676 1039 2740 Puteolani
1053 2677 1292 2740 emendatione

106 2795 227 2858 editur:
264 2804 466 2877 „postremo
499 2796 591 2858 velut
624 2794 786 2858 translata
809 2797 875 2858 iam
900 2795 1044 2870 fortuna,
1068 2798 1156 2859 servi
1179 2796 1292 2860 liberti

107 2923 235 2996 paratus
256 2907 417 2997 pr'incipis
437 2915 527 2996 apud
548 2915 738 2978 adulteram
759 2915 986 2992 visebantur”,
1008 2916 1040 2977 in
1062 2917 1180 2979 codice
1200 2935 1291 2980 esse:

110 3036 264 3112 „alterurn
296 3055 397 3117 supra
428 3035 555 3116 scripto
579 3033 714 3119 filiam”
747 3034 975 3116 Nipperdeius
1006 3035 1117 3110 resert,
1149 3038 1209 3099 sed
1234 3045 1292 3100 aut

109 3153 289 3237 Nipperdei
317 3174 410 3216 error
434 3153 488 3216 hic
511 3153 779 3235 deprehenditur
795 3152 826 3235 ¹),
851 3163 909 3217 aut
934 3155 1087 3218 librarius
1112 3157 1144 3218 in
1169 3157 1292 3219 descri-

107 3272 212 3336 benda
235 3274 457 3336 annotatione
481 3272 556 3335 leve
580 3273 750 3335 commisit
773 3273 910 3336 vitium:
935 3275 978 3337 ad
1002 3269 1145 3338 alterurn
1171 3276 1224 3339 vel
1248 3278 1291 3339 ad

107 3393 289 3457 adulterum
326 3392 415 3473 (nam
448 3391 512 3455 hoc
543 3393 682 3474 quidem
715 3393 834 3455 vitium
865 3395 1003 3475 quando
1034 3404 1151 3457 natum
1183 3396 1226 3458 sit
1258 3398 1291 3459 in

107 3513 249 3575 tenebris
279 3512 375 3594 latet)
405 3512 585 3592 adscripsit
615 3512 736 3593 aliquis
768 3511 898 3584 Siliam,
931 3521 1034 3594 atque
1067 3513 1158 3612 idem
1191 3515 1292 3596 paulo

109 3643 179 3712 post
214 3631 420 3695 adiectivum
455 3633 598 3714 ignarus
632 3632 743 3694 verbis
778 3633 986 3695 matrimonii
1020 3631 1098 3696 Silii
1128 3633 1292 3696 illustrare

109 3761 242 3815 conatus
272 3761 334 3815 est.
378 3751 552 3814 Adiectivi
584 3752 725 3834 ignarus
759 3751 955 3830 „absolute”
987 3753 1087 3833 positi
1119 3754 1291 3836 egregium

108 3869 263 3934 habemus
286 3871 481 3953 exemplum
506 3870 550 3933 A.
576 3870 599 3944 l,
625 3870 662 3933 6:
691 3871 854 3952 „primum
877 3869 1005 3935 facinus
1025 3874 1104 3935 novi
1126 3875 1292 3957 principa·

107 3997 157 4052 tus
175 3991 234 4054 suit
252 3990 403 4054 Postumi
422 3990 599 4072 Agrippae
617 3991 755 4066 caedes;
775 4010 876 4071 quem
891 3992 1043 4073 ignarum
1057 3993 1291 4076 inermumque

108 4113 254 4190 quamvis
277 4111 429 4174 firmatus
453 4111 568 4173 animo
592 4111 745 4173 centurio
768 4129 869 4191 aegre
893 4109 1074 4173 coniecit.'’

143 4385 167 4450 1)
185 4387 306 4451 inspecta
325 4386 423 4435 codicis
442 4385 556 4448 imagine
575 4384 745 4449 phototypicn
764 4387 885 4449 apparuit
904 4386 967 4435 mihi
984 4403 1070 4436 revera
1086 4401 1164 4451 supra
1179 4386 1291 4434 altarum

110 4471 225 4537 scripturn
245 4489 301 4522 esse
321 4471 421 4537 aliquid
441 4471 510 4520 unde
530 4471 611 4520 multo
631 4471 717 4535 potius
737 4473 832 4520 Silium
851 4474 946 4523 efficias
965 4489 1042 4538 quam
1055 4475 1155 4541 filiurn.
