3228 5236
639 458 702 526 ²03

81 623 269 704 praeficitur
309 623 474 700 Corbulo,
515 634 695 707 postquam
739 625 861 688 Paetus
896 624 953 686 diu
990 621 1095 685 multa
1130 619 1267 682 molitus

81 744 156 807 nihil
189 744 378 827 profecerat
410 745 469 808 sed
503 745 535 808 iu
567 765 736 808 summum
764 743 946 807 discrimen
970 761 1041 804 rem
1064 740 1265 803 adduxerat.

81 864 114 926 ld
138 865 229 926 hisce
254 865 366 927 verbis
389 863 528 927 Tacitus
550 865 720 927 enuntiat:

123 985 187 1063 ,Et
211 984 360 1048 Corbulo
385 984 528 1048 militum
552 994 655 1067 atque
681 985 827 1047 hostium
852 991 904 1046 tot
929 1003 989 1065 per
1012 1000 1118 1044 annos
1141 999 1265 1062 gnarus

80 1105 241 1184 gerendae
278 1105 325 1167 rei
361 1104 569 1187 praeficitur,
613 1125 655 1168 ne
690 1104 783 1167 cuius
818 1103 954 1166 alterius
989 1100 1120 1163 inscitia
1154 1118 1266 1162 rursus

81 1224 304 1305 peccaretur.”

122 1343 197 1406 Nou
217 1353 353 1427 poterat
365 1353 502 1408 senatus
513 1344 690 1408 consilium
702 1343 889 1426 elegantius
902 1342 955 1406 vel
969 1342 1075 1422 magis
1087 1339 1264 1423 perspicue

80 1463 263 1544 significari.
296 1463 345 1526 At
376 1465 410 1527 in
441 1473 537 1527 textu
561 1465 724 1528 adhaeret
748 1483 880 1545 pannus
904 1460 1162 1526 absurdissimus
1184 1459 1264 1541 quia

80 1582 172 1647 Paeti
186 1584 357 1667 piguerat,
383 1585 416 1646 in
441 1585 563 1665 quibus
588 1583 699 1647 verbis
723 1583 804 1645 nihil
830 1584 925 1656 inest,
950 1581 1041 1663 quod
1068 1599 1135 1642 non
1157 1577 1264 1640 multo

81 1705 245 1767 venustius
277 1705 388 1767 verbis
420 1725 458 1768 ne
487 1705 580 1768 cuius
609 1704 750 1768 alterius
772 1702 904 1766 inscitia
929 1721 1051 1764 rursus
1067 1711 1264 1784 peccaretur

80 1823 277 1899 declaretur;
310 1832 486 1906 praeterea
516 1823 658 1886 sciolum
689 1824 751 1885 ista
780 1821 954 1896 redolent,
986 1821 1044 1904 qui
1076 1821 1108 1881 in
1141 1819 1264 1882 Latine

81 1944 251 2007 scribendo
276 1963 319 2006 ne
344 1945 553 2026 ineptissima
576 1943 713 2025 quidem
738 1943 865 2004 evitare
890 1941 1039 2024 potuerit
1063 1939 1155 2002 vitia.

121 2063 161 2125 A.
186 2064 264 2137 XV,
289 2081 343 2142 40.
369 2063 552 2145 Nunquam
575 2063 725 2126 adducar
749 2071 786 2124 ut
810 2063 946 2124 credam
971 2061 1080 2142 ipsum
1105 2058 1263 2122 Tacitum

81 2184 258 2266 scripsisse:
283 2184 429 2265 „quippe
443 2183 476 2245 in
490 2184 644 2265 regiones
658 2182 931 2264 quattuordecim
945 2180 1056 2242 Roma
1068 2176 1264 2252 dividitur‚”

84 2323 151 2365 nam
181 2305 208 2366 si
240 2303 438 2386 scripsisset,
472 2323 572 2365 nemo
604 2322 672 2365 non
703 2301 895 2383 aequalium
921 2302 953 2363 in
979 2300 1063 2363 risus
1086 2299 1262 2381 erupisset,

84 2423 165 2503 quod
197 2424 241 2485 de
274 2443 308 2485 re
341 2431 412 2485 tam
437 2431 518 2486 nota
542 2424 742 2485 edoceretur
766 2421 878 2484 etiam.
916 2421 961 2484 Et
985 2429 1036 2483 est
1060 2420 1264 2482 scholiorum

82 2561 182 2604 sermo
217 2543 300 2604 iste:
336 2543 394 2617 sic,
430 2551 467 2604 ut
502 2563 520 2605 e
557 2541 670 2604 multis
705 2541 871 2624 exemplis
906 2561 1009 2604 unum
1046 2540 1193 2614 afletam,
1231 2540 1264 2601 in

83 2658 203 2724 lloratii
228 2661 403 2724 codicibus
427 2662 470 2725 ad
495 2659 531 2725 C.
558 2660 591 2726 S.
616 2682 664 2724 vs.
690 2679 709 2744 7
731 2661 929 2743 plerumque
950 2668 1151 2722 annotatum
1172 2659 1263 2720 inve·

82 2781 196 2844 nimus:
226 2782 359 2861 ,Roma
378 2781 410 2844 in
431 2789 563 2864 septem
583 2780 725 2844 collibus
745 2781 929 2843 constituta
942 2779 1026 2842 est.’'
1048 2777 1115 2843 Sed
1130 2779 1264 2860 scripsit

80 2901 119 2962 sic
131 2900 197 2964 lere
210 2902 367 2964 Tacitus:
396 2901 607 2982 ,Regionum
620 2901 710 2963 enim
724 2908 885 2981 quattuor
898 2901 1048 2982 integrae
1062 2898 1261 2974 manebant:

80 3028 138 3083 tres
149 3022 220 3085 solo
233 3031 332 3085 tenus
346 3021 509 3096 deiectae,
522 3029 654 3103 septem
667 3020 804 3102 reliquis
817 3039 925 3102 pauca
938 3028 1106 3082 tectorum
1120 3018 1261 3099 vestigia

78 3141 297 3224 supererant,”
321 3161 397 3204 cum
418 3141 540 3223 quibus
560 3141 671 3204 verbis
683 3141 877 3204 annotatio:
895 3141 1042 3222 „quippe
1055 3140 1088 3202 in
1102 3140 1258 3222 regiones

80 3263 344 3340 quattuordecim
370 3261 480 3324 Roma
504 3260 688 3325 dividitur”
712 3261 760 3323 ita
780 3270 831 3323 est
851 3260 1093 3342 conglutinata,
1116 3269 1152 3324 ut
1173 3280 1262 3324 nunc

80 3377 216 3461 legatur:
245 3381 392 3463 ,quippe
417 3381 450 3441 in
477 3381 631 3462 regiones
655 3381 928 3462 quattuordecim
955 3380 1064 3443 Roma
1088 3380 1260 3454 dividitur,

82 3517 212 3578 quarum
235 3508 398 3582 quattuor
424 3520 452 3562 e.
466 3519 499 3580 q.
513 3498 572 3562 s.”.

119 3617 158 3680 A.
179 3618 257 3693 XV,
277 3636 332 3701 47.
358 3617 477 3698 ,Sidus
497 3629 657 3693 cometeS,
678 3619 840 3700 sanguine
854 3618 971 3681 illustri
985 3639 1119 3702 semper
1133 3619 1260 3682 Neroni

80 3736 275 3818 expiatum.”
313 3738 507 3819 Imperante
542 3739 675 3802 Nerone
708 3738 813 3801 semel
845 3740 1084 3802 tantummodo
1115 3740 1259 3802 antehac

80 3866 217 3919 cometes
241 3857 331 3920 visus
355 3856 416 3919 suit
438 3857 481 3919 A.
502 3856 598 3932 XIV,
621 3873 672 3920 22.
697 3856 764 3922 Sed
784 3859 819 3921 in
839 3859 1029 3922 um'versum
1054 3858 1107 3921 hic
1127 3858 1260 3922 locutus

81 3981 125 4033 est
152 3975 297 4052 Tacitus,
330 3985 366 4038 ut
398 3986 433 4039 et
465 3976 547 4040 illic:
578 3978 638 4056 „de
664 3998 731 4059 quo
757 3977 847 4059 vulgi
871 3979 988 4060 opinio
1012 3987 1062 4040 est
1084 3987 1258 4059 tamquam

83 4096 291 4159 mutationem
327 4097 414 4179 regis
446 4095 650 4178 portendat''
668 4097 699 4178 ¹),
734 4107 768 4160 et
799 4099 979 4180 utrobique
1011 4099 1154 4160 eandem
1186 4117 1257 4159 rem

118 4289 140 4354 1)
158 4291 203 4341 Cff.
220 4293 345 4359 praeclari
361 4295 437 4344 Statii
454 4311 541 4345 versus
557 4295 606 4346 Th.
623 4297 645 4359 1,
663 4298 776 4361 705,ubi
787 4297 824 4346 sic
834 4297 930 4362 aliquis
941 4299 1092 4362 Apollinem
1102 4296 1257 4360 alloquitur:

709 4384 748 4431 Tu
766 4383 859 4432 doctus
877 4385 981 4449 iniquas

245 4467 381 4516 Parcarum
401 4483 540 4533 praenosse
559 4485 649 4518 munus
668 4469 801 4534 latumque
821 4471 893 4535 quod
912 4472 978 4521 ultra
997 4479 1035 4520 est
