3228 5236
654 456 711 523 Ι55

133 623 219 686 Ann.
245 623 306 699 VI,
338 641 386 705 19.
415 623 541 703 ,Iacuit
566 625 731 687 immensa
750 631 889 705 strages
909 623 1020 686 omnis
1039 642 1149 698 sexus,
1169 621 1279 687 omnis

95 751 187 817 aetas,
211 741 357 806 illustres
380 743 547 825 ignobiles
571 743 713 826 dispersi
737 751 795 806 aut
819 742 1004 826 aggerati.”

133 862 294 926 immensa
325 871 478 946 strages!
511 863 563 926 De
595 863 678 926 urbe
709 863 753 926 ab
784 862 938 926 hostibus
962 871 1065 946 capta
1087 882 1279 928 sermonem

95 1000 159 1044 esse
182 989 291 1063 putes,
315 981 373 1063 qui
398 980 486 1044 ferro
506 982 644 1064 ignique
664 981 779 1044 omnia
799 983 972 1056 vastarint,
994 980 1122 1046 incolas
1142 982 1279 1047 obviam

94 1101 150 1163 sibi
169 1100 276 1164 laetos
297 1100 551 1177 trucidaverint,
571 1101 786 1184 pepercerint
808 1101 945 1164 nemini.
965 1102 1016 1165 At
1037 1121 1155 1165 revera
1171 1103 1293 1184 agitur

96 1221 133 1282 de
161 1221 199 1283 iis
229 1220 433 1295 hominibus,
465 1221 533 1303 qui,
566 1221 713 1284 accusati
746 1221 837 1302 quod
871 1239 948 1283 cum
980 1219 1104 1285 Seiano
1129 1220 1281 1297 iecerint,

95 1339 225 1402 consilia
256 1340 327 1403 eius
358 1341 559 1416 adiuverint,
591 1340 860 1404 emolumentum
889 1340 1026 1422 aliquod
1050 1341 1095 1405 ab
1120 1360 1161 1404 eo
1186 1361 1281 1404 acce·

96 1460 207 1541 perint,
240 1461 343 1524 etiam
375 1462 409 1523 in
441 1460 583 1524 vinculis
614 1461 775 1524 iudicium
808 1468 842 1523 et
874 1461 1195 1524 condemnationem
1223 1479 1280 1522 ex·

95 1587 253 1662 spectent.
287 1580 339 1642 Ne
363 1589 436 1643 tum
460 1581 610 1662 quidem,
635 1600 713 1643 cum
736 1580 782 1642 nil
807 1580 905 1643 nobis
929 1581 973 1644 de
998 1599 1115 1643 eorum
1140 1599 1280 1643 numero

95 1700 248 1763 traditum
273 1708 372 1776 esset,
392 1700 518 1783 aliquot
537 1720 653 1764 eorum
674 1698 774 1764 luisse
795 1699 890 1763 milia
911 1697 1007 1762 facile
1029 1698 1127 1761 nobis
1147 1718 1282 1781 persua-

96 1818 259 1882 deremus:
285 1827 318 1881 et
344 1828 459 1882 tamen
483 1819 517 1882 id
543 1819 641 1882 nobis
664 1819 868 1882 sumendum
893 1816 989 1893 soret,
1012 1818 1074 1880 nisi
1095 1817 1282 1880 admodum

96 1936 267 2000 absurdam
299 1938 409 2001 Taciti
442 1939 484 2002 de
515 1947 627 2021 strage
659 1938 714 2001 illa
739 1925 1024 2002 exclamationem
1050 1937 1156 2000 videri
1181 1935 1281 2000 velle·

97 2075 172 2118 mus.
195 2054 287 2138 Quid
312 2077 393 2140 ergo
417 2077 505 2120 nunc
531 2057 629 2120 nobis
652 2058 695 2121 de
720 2078 760 2120 ea
783 2057 1002 2120 statuendum
1028 2065 1080 2120 est
1100 2064 1282 2138 postquam

97 2177 309 2257 cognovimus
329 2177 360 2259 (e
382 2175 560 2260 Suetonio)
582 2198 649 2242 non
663 2178 775 2260 plures
787 2179 911 2262 viginti
922 2177 1061 2240 miseros
1074 2177 1149 2240 illos
1161 2173 1283 2240 luisse?

97 2294 318 2360 Credamusne
349 2298 501 2380 ingentia
528 2297 638 2361 Taciti
662 2298 767 2360 verba
790 2297 871 2360 satis
896 2296 1031 2361 delendi
1056 2296 1283 2360 annotationi·

99 2413 153 2478 bus
175 2415 284 2498 qualis
307 2425 358 2479 est
382 2415 466 2479 haec
491 2415 720 2499 Nipperdeyi:

140 2557 191 2616 ,es
214 2538 257 2600 ist
283 2557 321 2600 zu
346 2537 531 2600 bemerken
556 2537 633 2600 dass
656 2538 712 2600 die
738 2537 967 2618 Hinrichtung
987 2557 1053 2599 von
1077 2553 1119 2600 20
1139 2535 1199 2600 aul
1215 2535 1285 2599 ein*

98 2657 156 2720 mal
179 2657 300 2720 immer
322 2665 427 2720 etwas
450 2657 795 2721 ausserordentliches
818 2657 872 2732 ist,
893 2658 984 2721 dann
1005 2657 1087 2719 aber
1108 2656 1285 2720 immensus

97 2775 143 2840 bei
167 2775 247 2840 Tac.
272 2777 367 2840 nicht
392 2776 488 2839 mehr
511 2776 676 2840 bedentet
699 2776 765 2839 als:
794 2774 1102 2839 ausserordentlich
1125 2772 1262 2857 gross”?

136 2896 232 2960 Haud
262 2898 402 2980 opinor;
429 2915 516 2972 nam,
542 2916 749 2978 quamquam
774 2896 984 2959 verissimam
1009 2915 1081 2957 esse
1105 2903 1283 2976 utramque

98 3015 300 3099 Nipperdeyi
323 3015 598 3079 observationem
624 3035 744 3092 omnes
768 3023 902 3088 norunt,
928 3014 985 3096 qui
1010 3015 1044 3077 in
1068 3013 1190 3077 Tacito
1214 3033 1282 3076 non

98 3134 188 3215 plane
220 3142 298 3198 sunt
324 3133 487 3218 hospites,
511 3142 626 3198 tamen
651 3155 766 3198 earum
792 3142 911 3198 neutra
935 3135 1079 3218 impedit
1103 3133 1284 3217 quominus

98 3254 214 3329 omnia,
238 3255 298 3318 sed
321 3254 521 3336 praesertim
546 3255 609 3318 ista
629 3255 850 3335 dispersione
869 3255 1036 3338 aggerati,
1057 3254 1101 3318 ab
1122 3253 1283 3317 hocloco

98 3384 127 3437 et
148 3375 190 3438 ab
214 3374 277 3438 hac
302 3395 337 3438 re
361 3395 463 3456 quam
487 3374 691 3438 alienissima
715 3394 922 3438 censeamus.
948 3375 993 3438 Et
1014 3375 1095 3456 quid
1116 3373 1180 3436 sibi
1200 3373 1282 3437 illud

98 3495 127 3556 in
158 3497 252 3560 initio
285 3495 511 3579 descriptionis
546 3495 693 3578 positum
725 3495 867 3558 verbum
898 3495 1001 3558 iacuit
1030 3493 1113 3567 vult,
1146 3493 1207 3554 nisi
1241 3513 1282 3554 eo

97 3613 241 3678 iubemur
260 3614 368 3678 oculis
388 3615 511 3678 nostris
529 3615 784 3696 quodammodo
798 3614 902 3678 latum
917 3613 1063 3694 aliquem
1077 3612 1281 3674 cadaverum

97 3734 290 3814 perlustrare
320 3732 501 3816 campum?
534 3733 601 3799 Sed
635 3755 736 3817 quam
768 3743 883 3798 tantae
911 3731 1120 3794 crudelitatis
1144 3750 1280 3793 causam

96 3853 183 3917 affert
206 3855 355 3930 Tacitus,
380 3874 420 3918 ea
445 3853 555 3917 minus
578 3855 691 3930 etiam,
716 3854 742 3915 si
767 3852 838 3915 fieri
864 3860 986 3934 potest,
1009 3859 1061 3913 est
1081 3849 1279 3914 verisimilis.

97 3971 331 4037 Crudelitatem
343 3981 474 4036 tantam
488 3973 716 4056 intelligimus
729 3971 756 4034 si
770 3970 928 4053 tingimus
940 3971 1081 4034 tandem
1095 3970 1279 4051 aliquando

98 4093 233 4175 piguisse
256 4093 432 4158 Tiberium
458 4091 570 4156 Seiani
592 4094 729 4174 eiusque
750 4091 918 4154 sociorum
940 4110 1181 4173 recognoscere
1202 4088 1281 4152 saci-

99 4232 171 4276 nora
193 4215 276 4290 dira,
301 4213 424 4296 quibus
448 4213 519 4295 ipse
543 4212 606 4276 toti
631 4213 745 4295 generi
769 4212 918 4277 humano
944 4212 1069 4275 invisus
1094 4219 1183 4273 esset
1206 4210 1280 4273 red·

99 4333 188 4408 ditus,
212 4334 444 4416 sumimusque
467 4353 555 4408 eum,
580 4352 657 4396 cum
681 4333 786 4396 semel
811 4335 875 4396 reis
898 4335 970 4396 sine
993 4351 1125 4394 summa
1148 4350 1209 4393 sua
1231 4329 1280 4391 in·

100 4449 189 4516 lamia
209 4473 348 4537 parcere
369 4471 437 4516 non
458 4461 582 4536 posset,
603 4453 804 4535 quantocius
821 4452 957 4535 defungi
971 4449 1122 4514 tristibus
1136 4449 1279 4514 voluisse
