3266 5238
670 446 730 512 103

279 604 332 670 Sit
355 606 451 682 cato,
476 609 558 670 dum
583 609 676 684 vivit,
701 630 782 672 sane
808 610 861 673 vel
885 610 1029 674 Caesare
1054 610 1174 673 maior:

321 725 411 789 Dum
438 728 589 803 moritur,
614 729 778 813 numquid
805 730 912 792 maior
937 728 1075 793 Othone
1099 728 1182 792 fuiti

142 846 179 908 ln
203 845 334 909 deliciis
357 865 430 908 esse
452 843 494 908 rai
519 845 658 925 τραγικοὶ
683 848 806 912 Tacito
831 856 965 922 constat
986 857 1021 911 et
1041 848 1104 931 ipsi
1125 848 1158 910 id
1180 868 1294 911 exem-

106 964 159 1045 plis
194 964 429 1027 demonstrare
464 967 578 1029 eonati
614 986 743 1042 sumus;
781 967 842 1029 sed
880 967 973 1048 quod
1008 965 1203 1048 exemplum
1238 965 1294 1029 hic

107 1083 331 1146 Mommsenus
354 1083 479 1160 attulit,
505 1085 539 1148 id
565 1086 656 1168 prius
681 1086 780 1148 finxit
803 1086 886 1168 ipse.

145 1202 188 1266 H.
213 1203 257 1278 II,
283 1217 334 1284 51.
360 1204 440 1267 Post
464 1225 614 1287 pugnarn
639 1204 918 1268 Bedriacensem:

148 1343 292 1402 ,earum
325 1344 412 1407 qnae
444 1324 581 1388 Brixelli
612 1333 762 1407 egerant,
789 1323 979 1388 cohortium
1004 1343 1122 1406 preces
1146 1324 1293 1388 Rubrius

108 1441 216 1505 Gallus
240 1442 317 1506 tulit
341 1450 376 1506 et
400 1443 498 1505 venia
521 1443 637 1507 statim
661 1445 853 1526 impetrata,
874 1443 1142 1507 concedentibus
1160 1444 1204 1508 ad
1225 1443 1292 1506 vic·

105 1569 208 1625 torem
233 1583 293 1644 per
318 1561 474 1626 Flavium
498 1562 662 1628 Sabinum
687 1563 726 1626 iis
750 1563 857 1645 copiis
880 1563 1003 1645 quibus
1023 1562 1247 1645 praefuerat”.

146 1682 226 1746 Post
247 1683 498 1750 concedentibur
510 1683 663 1746 Ritterus
687 1683 826 1746 inseruit
848 1705 981 1766 quoque,
1005 1683 1065 1745 sed
1089 1683 1136 1746 ita
1161 1683 1291 1765 ingrate

103 1801 185 1864 inter
216 1821 252 1864 se
280 1802 464 1884 iunguntur
488 1803 575 1865 duae
599 1822 652 1865 res
676 1802 840 1866 diversae.
866 1802 1036 1884 Equidem
1060 1802 1210 1865 ablativo
1233 1802 1291 1865 ab·

102 1920 208 1984 soluto
232 1921 471 1985 concedentibus
594 1921 638 1984 iis
661 1921 772 2004 copiis,
797 1921 919 2003 opinor
938 1921 1099 1986 rationem
1120 1921 1217 1985 reddi
1233 1942 1291 1985 cur

101 2041 258 2104 adversus
289 2041 447 2104 cohortes
478 2040 551 2104 illas
581 2049 652 2104 tam
680 2039 864 2123 placabiles
888 2040 1010 2104 fuerint
1035 2041 1197 2117 victorem
1223 2063 1290 2105 non

103 2161 186 2222 enim
212 2160 287 2223 leve
312 2169 384 2223 erat
407 2160 500 2242 quod
524 2160 600 2223 illae
620 2159 740 2242 copiae
761 2160 960 2234 transibant,
982 2180 1069 2242 quae
1089 2160 1191 2242 paulo
1211 2169 1291 2224 ante

102 2281 138 2360 (c.
172 2295 210 2361 35
232 2279 295 2361 sq.)
324 2279 357 2342 in
382 2278 511 2362 proelio
535 2278 602 2354 illo,
628 2281 719 2361 quod
746 2278 864 2342 navale
889 2278 956 2342 lere
981 2278 1053 2353 fuit,
1078 2287 1174 2343 tanta
1198 2279 1290 2342 exhi-

103 2397 242 2462 buerant
262 2399 409 2481 negotia.
431 2397 562 2461 Vereor
582 2407 697 2461 tamen
718 2407 755 2462 ut
775 2400 891 2462 omnia
907 2407 997 2462 recte
1015 2419 1050 2462 se
1063 2399 1118 2462 hic
1131 2398 1290 2474 habeant,

102 2538 177 2580 narn
200 2518 293 2600 quod
308 2529 372 2600 per
392 2517 547 2581 Flavium
569 2515 733 2581 Sabinum
754 2537 813 2581 eae
835 2518 954 2600 copiae
975 2519 1167 2581 concedunt
1187 2519 1290 2580 docu-

103 2646 216 2701 mento
236 2647 288 2700 est
308 2635 399 2700 illum
414 2637 453 2700 iis
466 2637 660 2700 etiamnunc
667 2647 829 2718 praeesse.
844 2637 1022 2700 Excidisse
1035 2655 1158 2700 nomen
1172 2636 1291 2699 Macer

100 2758 249 2840 suspicor
269 2757 403 2840 (quibus
421 2756 540 2820 Macer
553 2755 784 2840 praefuerat),
806 2765 842 2819 ut
863 2757 917 2818 hic
933 2756 976 2818 de
993 2756 1113 2819 iisdem
1128 2755 1290 2818 militibus

100 2896 232 2958 prorsus
256 2875 347 2939 idem
371 2876 504 2938 dicatur
526 2876 618 2956 quod
644 2895 672 2937 c.
699 2875 750 2956 36.

143 2994 187 3058 H.
211 2995 255 3070 ΙΙ,
282 2995 333 3076 56.
369 2992 547 3074 ,Ceterum
579 2993 677 3056 Italia
708 2994 843 3076 gravius
874 3003 977 3076 atque
1008 2993 1155 3057 atrocius
1186 3013 1288 3075 quam

100 3115 189 3178 bello
207 3112 465 3178 afflictabatur”.
488 3115 568 3176 Post
587 3113 734 3178 atrocius
754 3114 899 3176 Haasius
918 3114 1034 3176 inserit
1053 3114 1212 3192 victorias
1229 3113 1289 3175 sed

97 3233 143 3297 sic
164 3235 272 3317 perire
293 3234 427 3297 videtur
446 3252 588 3297 acumen
607 3233 781 3316 quoddam
797 3233 920 3296 Tacito
936 3242 1141 3322 pergratum.
1159 3232 1289 3297 Bellum

99 3353 164 3416 iarn
189 3374 255 3417 non
280 3362 353 3416 erat
375 3354 410 3416 in
435 3352 542 3428 Italia,
567 3353 725 3435 dispersis
749 3372 809 3434 per
832 3353 1015 3436 municipia
1041 3353 1234 3428 victoribus,
1254 3362 1290 3416 at

98 3472 162 3536 alia
194 3493 282 3537 nunc
313 3493 365 3536 res
397 3474 553 3536 miseram
584 3473 758 3555 regionem
790 3472 986 3546 afflictabat,
1016 3473 1118 3556 idque
1142 3473 1289 3535 atrocius

98 3612 202 3673 quam
224 3591 362 3655 bellum.

144 3710 188 3773 H.
216 3711 259 3788 II,
292 3712 344 3794 78.
379 3710 427 3774 Ut
459 3710 637 3792 imperium
669 3717 824 3792 capessat
855 3709 1104 3790 Vespasianum
1135 3708 1289 3771 hortatur

98 3831 250 3894 oratione
284 3830 470 3904 Mucianus,
502 3829 680 3892 hortantur
712 3828 836 3890 milites
866 3847 1028 3908 responsa
1058 3835 1173 3888 vatum
1206 3825 1289 3888 rele-

98 3956 220 4023 rentes,
244 3949 376 4031 etipse
400 3968 536 4031 quoque
561 3949 675 4011 animo
700 3945 870 4008 recolebat
895 3946 1019 4019 omina,
1041 3945 1164 4027 quibus
1184 3945 1290 4009 multo

97 4075 178 4130 ante
203 4087 334 4130 summa
357 4068 421 4131 sibi
445 4077 533 4130 esset
558 4067 724 4131 claritudo
748 4065 928 4147 promissa:

145 4186 225 4264 ,sed
246 4187 356 4268 primo
376 4186 592 4268 triumphalia
612 4193 647 4248 et
664 4184 821 4247 Iudaicae
838 4183 1001 4246 victoriae
1016 4184 1120 4246 decus
1134 4183 1291 4265 implesse

98 4303 204 4368 fidem
231 4306 353 4368 ominis
377 4306 598 4368 videbantur:
623 4311 660 4366 ut
683 4301 767 4365 haec
790 4303 936 4385 adeptus
960 4311 1020 4377 est,
1046 4303 1203 4385 portendi
1227 4301 1291 4365 sibi

99 4425 279 4508 imperium
304 4425 498 4489 credebat''.
