3266 5238
864 421 925 484 106

343 599 474 680 ,Ceteri
488 601 591 663 duces
603 601 636 663 in
650 601 810 666 obscuro:
824 601 1013 665 Antonium
1024 600 1158 663 fortuna
1167 599 1324 682 famaque
1333 601 1489 663 omnium

294 720 400 783 oculis
420 730 634 803 exposuerat.
658 722 692 784 ls
712 721 863 786 balineas
881 722 1053 785 abluendo
1073 721 1207 804 corpori
1226 741 1370 803 propere
1389 721 1492 803 petit.

296 839 452 922 Excepta
477 861 544 903 vox
568 849 628 915 est,
654 861 731 905 cum
755 850 911 924 teporem
936 841 1115 915 incusaret,
1138 840 1253 903 statim
1277 839 1425 903 futurum
1451 849 1494 902 ut

293 958 554 1022 incalescerent:
579 960 707 1024 vernile
731 961 860 1024 dictum
885 979 1023 1023 omnem
1048 961 1210 1022 invidiam
1231 961 1265 1022 in
1287 980 1364 1023 eum
1386 961 1494 1022 vertit

294 1084 470 1158 tamquam
494 1079 626 1160 signum
651 1079 885 1143 incendendae
909 1078 1098 1144 Cremonae
1122 1077 1304 1141 dedisset”.

348 1193 479 1260 Vernile
501 1217 569 1259 non
594 1197 891 1280 reprehensionem
916 1199 1079 1272 continet,
1105 1198 1188 1261 nihil
1207 1197 1300 1261 aliud
1318 1197 1493 1280 significat

295 1335 398 1397 quam
427 1317 514 1378 servi
539 1316 767 1400 (balneatoris)
793 1339 833 1381 ea
856 1318 961 1381 verba
985 1317 1096 1382 fuisse.
1120 1316 1176 1382 Ob
1200 1326 1354 1400 teporem
1377 1336 1490 1397 aquae

296 1434 468 1498 Antonius
488 1456 621 1499 servum
644 1437 737 1501 illum
757 1439 1037 1521 reprehenderat;
1057 1438 1280 1520 responderat
1293 1436 1363 1500 ille:
1386 1456 1491 1517 ,mox

294 1554 509 1618 incalescet'’.
529 1555 702 1620 Antonius
722 1558 803 1638 quid
825 1558 966 1620 dixisset
980 1577 1081 1620 nemo
1093 1557 1233 1632 sciebat,
1247 1556 1307 1619 sed
1319 1555 1489 1630 homines,

295 1674 353 1756 qui
386 1695 492 1756 prope
523 1675 716 1752 adstabant,
745 1677 895 1758 aliquem
927 1677 1081 1739 Antonio
1106 1676 1369 1758 respondentem
1392 1674 1491 1737 audi·

297 1803 416 1857 verant
443 1814 544 1876 ,mox
567 1795 781 1869 incalescet”,
805 1795 884 1858 inde
908 1796 1104 1859 coniectura
1128 1803 1207 1858 nata
1231 1802 1283 1856 est
1306 1795 1350 1856 de
1375 1795 1493 1856 incen-

297 1914 409 1977 denda
434 1915 517 1977 urbe
542 1916 630 1978 inter
653 1935 712 1978 eos
735 1915 835 1979 fuisse
859 1936 1060 1979 sermonem.

343 2033 386 2096 H.
413 2033 473 2110 III,
508 2054 558 2118 39.
595 2035 733 2115 ,Blaeso
764 2057 865 2119 super
895 2036 1084 2100 claritatem
1109 2035 1271 2098 natalium
1296 2042 1330 2096 et
1354 2033 1493 2115 elegan-

296 2153 379 2215 tiam
412 2174 545 2218 morum
575 2155 654 2219 fidei
686 2155 871 2219 obstinatio
902 2155 981 2219 suit:
1014 2157 1152 2238 integris
1184 2173 1321 2237 quoque
1345 2153 1443 2216 rebus
1469 2174 1493 2216 a

297 2271 443 2337 Caecina
472 2283 507 2337 et
538 2275 741 2357 primoribus
766 2276 911 2359 partium
936 2277 1003 2338 iam
1028 2274 1204 2338 Vitellium
1227 2272 1493 2356 aspernantibus

295 2392 442 2456 ambitus
466 2393 614 2457 abnuere
640 2392 901 2476 perseveravit”.

339 2512 489 2596 Integris
518 2535 641 2596 quaque
671 2515 767 2579 rebus
795 2515 816 2578 i.
838 2536 867 2578 e.
900 2516 1095 2598 priusquam
1126 2533 1241 2596 pugna
1263 2512 1489 2576 Cremonensi

296 2633 442 2712 partium
476 2632 736 2696 Vitellianarum
760 2653 843 2717 opes
866 2633 992 2697 fractae
1016 2642 1122 2696 erant.
1147 2631 1182 2696 Si
1208 2630 1398 2714 postillam
1424 2651 1490 2712 pu-

295 2769 397 2831 gnam
419 2751 556 2814 Blaesus
575 2753 748 2816 abnuisset
775 2751 1027 2816 Vitellianorum
1039 2752 1205 2837 duxfieri,
1221 2770 1340 2833 parum
1353 2751 1489 2832 insigne

295 2871 445 2934 dedisset
468 2871 547 2936 fidei
568 2874 828 2937 documentum:
853 2883 925 2937 tum
947 2874 1037 2936 enim
1058 2872 1262 2936 Vitellianae
1283 2871 1358 2934 illae
1371 2879 1492 2953 partes

295 2988 417 3053 nullius
441 2992 507 3054 iam
531 3001 628 3056 eraut
651 2993 762 3074 pretii,
787 2992 986 3074 illarumque
1007 2993 1077 3054 dux
1097 2991 1169 3054 fieri
1190 2991 1299 3073 quivis
1313 2989 1490 3065 noluisset,

296 3130 364 3173 non
399 3110 467 3175 fide
502 3133 581 3194 erga
612 3111 790 3177 Vitellium
826 3114 947 3176 ductus
982 3113 1041 3175 sed
1074 3112 1174 3176 tatius
1209 3111 1260 3173 rei
1292 3120 1489 3191 contemptu.

297 3231 392 3294 Haec
416 3233 530 3294 omnia
554 3232 709 3307 observo,
735 3235 814 3315 quia
838 3235 1068 3314 interpretem,
1094 3232 1152 3313 qui
1172 3229 1262 3293 solus
1282 3235 1382 3290 notus
1401 3227 1490 3291 mihi

296 3358 357 3425 est,
389 3351 639 3433 perversissime
670 3353 760 3416 hunc
792 3353 903 3416 locum
934 3353 1088 3434 accipere
1113 3351 1192 3414 vidi.
1219 3349 1369 3412 Ritterus
1393 3346 1490 3410 enirn

296 3469 501 3533 Boetticheri
522 3470 608 3534 hanc
630 3472 753 3554 probat
772 3473 1043 3536 annotationem:
1068 3475 1210 3553 ,spaten
1223 3469 1272 3531 als
1284 3468 1339 3530 die
1353 3465 1491 3547 Gegen-

296 3591 404 3671 partei
434 3590 540 3654 schon
571 3593 700 3674 gesiegt
731 3590 836 3667 hatte,
868 3612 936 3655 war
966 3591 1077 3654 Treue
1101 3590 1248 3671 weniger
1270 3585 1360 3650 hoch
1383 3605 1490 3648 anzu-

296 3710 453 3786 rechnen,
485 3713 529 3775 da
559 3731 598 3775 so
627 3717 742 3794 spater
773 3711 888 3774 Abfall
920 3712 1030 3792 wenig
1061 3729 1139 3773 vom
1171 3707 1288 3789 Sieger
1319 3711 1489 3767 erwarten

294 3829 403 3894 liess''.
436 3831 484 3894 At
516 3833 678 3896 invitatus
710 3831 818 3895 luerat
842 3829 988 3905 Blaesus,
1014 3849 1082 3892 non
1107 3837 1144 3892 ut
1167 3829 1210 3891 ad
1235 3825 1489 3908 Vespasianum

294 3952 453 4014 transiret
477 3951 554 4032 (hoc
578 3952 668 4014 enim
692 3951 868 4014 amberlndi
890 3951 995 4013 verbo
1015 3947 1195 4030 significari
1217 3944 1346 4027 nequit)
1366 3943 1425 4005 sed
1447 3952 1490 4005 ut

295 4090 356 4151 pro
381 4069 522 4132 Vitellio
554 4069 629 4151 ipso
653 4071 723 4132 dux
746 4069 1006 4132 Vitellianarum
1030 4068 1125 4131 fieret
1151 4065 1308 4148 partium.
1341 4062 1416 4124 Hoc
1440 4061 1491 4123 ab

294 4210 335 4251 eo
356 4189 549 4271 petiverant
569 4186 714 4251 Caecina
735 4198 770 4252 et
789 4189 954 4272 primores
974 4187 1131 4269 partium,
1149 4185 1207 4266 qui
1228 4180 1405 4247 Vitellium
1418 4179 1491 4244 iam

293 4305 569 4390 aspernabantur,
595 4307 615 4368 i.
637 4327 666 4369 e.
691 4328 810 4390 parum
833 4308 974 4390 dignum
998 4307 1227 4385 idoneumque
1247 4302 1369 4364 ducem
1390 4306 1496 4380 puta·

296 4425 389 4486 bant.
407 4422 462 4487 Sic
480 4426 616 4488 demum
633 4425 807 4489 ambeundi
821 4426 963 4489 verbum
980 4444 1041 4487 suo
1057 4422 1120 4486 sibi
1137 4441 1236 4484 sensu
1249 4421 1399 4503 positum
1412 4419 1495 4482 erit.
