3258 5240
366 1659 433 1761 'Ad
465 1697 609 1760 Pollium
641 1719 729 1761 nunc
761 1700 864 1762 redeo
893 1698 1110 1781 lepidamque
1136 1698 1273 1760 eiusde
1297 1695 1451 1780 populari
1477 1697 1524 1760 lo-

332 1818 459 1899 quendi
490 1818 574 1881 vitio
598 1817 882 1893 observationem,
908 1838 976 1900 quo
1000 1838 1102 1901 saepe
1125 1817 1290 1892 homines
1315 1819 1396 1880 dum
1420 1837 1524 1899 quarn

332 1936 476 2021 plurima
500 1937 675 2012 vocabula,
700 1957 761 2000 suo
784 1946 932 2020 cognata
956 1937 1102 2013 aflectui,
1126 1958 1230 2000 unum
1254 1939 1289 2000 in
1313 1937 1426 2000 locum
1444 1956 1526 2000 con·

333 2064 465 2138 gerunt,
494 2058 687 2140 argumenti
709 2057 759 2119 sui
784 2057 852 2119 vim
877 2057 965 2119 ultro
988 2057 1184 2139 infringunt.
1210 2057 1281 2119 lam
1307 2077 1410 2120 unum
1433 2064 1526 2118 certe

332 2176 425 2257 apud
451 2175 608 2239 Tacitum
633 2176 784 2240 eiusdem
809 2176 881 2238 vitii
907 2176 945 2258 (si
969 2177 1036 2239 iam
1062 2177 1181 2239 vitium
1205 2177 1271 2239 dici
1296 2184 1410 2259 potest
1433 2177 1526 2258 quod

334 2314 377 2357 ex
409 2295 482 2377 ipsa
512 2295 658 2358 hominis
686 2297 834 2359 nascitur
858 2297 984 2379 mente)
1010 2305 1143 2360 exstare
1167 2297 1362 2379 exemplum
1386 2295 1530 2358 demon·

333 2413 437 2477 stravi
468 2414 525 2495 (H.
558 2414 583 2489 Ι,
618 2414 681 2495 33),
709 2415 972 2496 dubitanterque
997 2416 1040 2478 de
1064 2415 1171 2478 altero
1196 2414 1329 2478 locutus
1352 2435 1427 2477 sum
1450 2416 1529 2478 loco

333 2534 390 2616 (Α.
412 2533 437 2608 Ι,
456 2534 490 2615 4)
515 2533 571 2596 ubi
596 2533 687 2596 idern
707 2554 769 2597 usu
790 2534 905 2596 venire
927 2535 1108 2597 videretur.
1129 2535 1282 2598 Tertium
1304 2555 1392 2597 nunc
1412 2534 1525 2597 locum

332 2653 467 2728 addam,
496 2655 553 2736 qui
578 2662 670 2716 recte
694 2653 835 2735 intelligi
861 2654 942 2716 mihi
966 2674 1034 2717 non
1060 2675 1158 2737 posse
1184 2655 1318 2718 videtur
1342 2655 1404 2717 nisi
1430 2655 1527 2717 Pollii
1620 2687 1621 2710 ;

333 2772 407 2835 luce
432 2772 625 2834 illustretur.

381 2890 425 2952 H.
461 2890 522 2966 IV,
560 2907 610 2972 32.
648 2891 796 2954 Mittitur
830 2893 873 2954 ad
909 2891 1052 2955 Civilem
1087 2913 1107 2955 a
1142 2892 1306 2955 Romanis
1341 2892 1527 2955 Montanus

335 3010 455 3073 Trevir
483 3018 538 3089 „ut
560 3009 740 3072 absisteret
764 3009 854 3072 bello
876 3031 961 3073 neve
982 3020 1124 3074 externa
1141 3030 1235 3074 arma
1254 3010 1345 3074 l'alsis
1365 3009 1526 3086 velaret”;

336 3136 372 3192 at
403 3127 519 3191 Civilis
553 3128 629 3208 „ubi
662 3129 754 3191 videt
788 3129 989 3192 Montanum
1015 3130 1245 3211 praeferocem
1270 3130 1407 3211 ingenio
1432 3150 1527 3212 para·

337 3256 478 3329 tumque
509 3248 543 3309 in
574 3268 626 3311 res
650 3246 778 3310 novas”
803 3248 890 3311 ultro
915 3269 992 3311 eum
1016 3251 1060 3313 ad
1085 3249 1163 3312 belli
1189 3249 1292 3313 allicit
1315 3251 1526 3323 societatem,

336 3367 490 3430 oratione
525 3367 693 3444 habenda,
725 3387 813 3449 quae
844 3369 877 3430 in
909 3376 978 3431 tres
1009 3369 1172 3432 dividitur
1203 3377 1334 3451 partes:
1366 3390 1398 3432 a.
1428 3368 1528 3431 Diras

336 3506 401 3569 ego
421 3485 562 3550 ulciscor
582 3487 719 3550 iniurias
738 3507 758 3549 a
777 3487 940 3550 Romanis
958 3496 1128 3569 acceptas,
1149 3487 1271 3570 quibus
1291 3489 1317 3550 si
1331 3507 1393 3550 vos
1410 3486 1528 3550 fideles

336 3608 535 3683 manseritis,
568 3627 649 3670 mox
673 3607 765 3671 idem
789 3607 882 3688 quod
907 3627 971 3688 ego
995 3608 1227 3690 experiemini.
1251 3607 1279 3670 b.
1305 3606 1423 3670 Virtus
1445 3605 1529 3670 Ger-

336 3748 512 3792 manorum
548 3728 683 3790 vincere
719 3734 833 3809 potest
869 3725 1101 3789 Romanorum
1138 3726 1400 3790 multitudinem.
1433 3746 1457 3789 c.
1491 3725 1527 3790 Si

335 3857 450 3911 tamen
482 3847 563 3911 victi
595 3849 729 3921 erimuS,
761 3846 856 3928 peior
886 3844 957 3907 fieri
990 3846 1142 3909 conditio
1171 3855 1286 3909 nostra
1310 3865 1378 3908 non
1403 3853 1528 3929 potest.

336 3966 458 4028 Altera
481 3974 594 4028 autem
620 3986 697 4048 pars
720 3965 768 4028 sic
793 3965 902 4027 abeo
927 3966 1138 4028 enuntiatur:

387 4082 458 4162 „En
489 4103 564 4165 ego,
596 4081 786 4164 praefectus
814 4085 911 4146 unius
934 4084 1083 4147 cohortis
1107 4093 1142 4147 et
1166 4081 1407 4148 Canninefates
1430 4083 1531 4145 Bata·

338 4203 450 4284 vique,
482 4201 605 4283 exigua
637 4200 820 4265 Galliarum
850 4201 972 4283 portio,
1005 4223 1092 4265 vana
1123 4203 1178 4265 illa
1210 4211 1396 4265 castrorum
1419 4202 1532 4284 spatia
1620 4195 1621 4198 '

337 4321 526 4385 excidimus
550 4320 603 4383 vel
627 4329 746 4404 saepta
770 4321 856 4384 ferro
882 4320 1038 4403 larneque
1062 4322 1279 4405 premimus”.

383 4438 418 4502 Si
449 4440 633 4520 „immensa
656 4439 712 4503 illa
737 4437 866 4503 castra”
892 4440 1042 4514 dixisset,
1068 4441 1175 4504 multo
1200 4442 1363 4504 maiorem
1387 4440 1533 4505 haberet
