3248 5230
297 597 464 661 facturum
499 609 711 682 exspectant,
747 599 894 664 Cerealis
928 610 963 664 et
997 601 1114 664 Civilis
1145 623 1223 666 cum
1254 622 1315 665 suo
1347 612 1499 686 uterque

299 717 460 792 exercitu,
485 726 588 798 atque
612 717 735 782 milites
758 719 968 782 orationibus
993 727 1134 783 monent
1157 720 1415 803 hortanturque.
1440 721 1501 786 Ci-

301 835 376 898 vilis
399 835 587 900 Germanos
610 858 688 900 suos
712 847 747 901 et
769 837 835 902 alia
859 840 961 902 docet
985 847 1039 902 et:

349 953 464 1036 „Quae
499 957 669 1038 provideri
700 965 775 1021 astu
806 959 902 1021 ducis
933 959 1138 1041 oportuerit,
1172 960 1323 1041 provisa,
1354 981 1502 1044 campos

301 1075 478 1137 madentes
502 1083 537 1138 et
559 1076 641 1158 ipsis
663 1096 797 1159 gnaros,
821 1077 962 1160 paludes
983 1077 1138 1140 hostibus
1162 1078 1315 1142 noxias.’'

347 1193 412 1256 Hic
436 1214 572 1276 quoque
597 1195 788 1278 Leopoldio
813 1197 923 1278 primo
946 1195 1094 1260 suboluit
1119 1195 1223 1272 lraus;
1249 1196 1413 1261 hactenus
1433 1219 1502 1281 per

301 1313 439 1396 longam
470 1315 681 1378 saeculorum
711 1317 833 1379 seriem
864 1337 975 1399 aequo
999 1315 1113 1379 animo
1137 1317 1287 1380 tulerunt
1312 1319 1373 1380 viri
1398 1319 1503 1381 docti

303 1441 381 1515 post
411 1445 541 1517 campos
571 1435 738 1499 madentes
767 1443 1051 1498 commemoratas
1075 1435 1225 1517 paludes,
1258 1446 1433 1519 tamquam
1466 1439 1501 1499 si

302 1553 489 1634 quidquam
513 1553 701 1617 interesset.
735 1554 834 1617 Nunc
858 1573 949 1629 vero,
974 1554 1018 1617 ab
1042 1552 1099 1616 illo
1124 1555 1255 1631 moniti,
1279 1554 1423 1637 posthac
1446 1555 1502 1618 sic

302 1669 470 1752 legemus:
495 1691 654 1754 „campos
674 1672 851 1735 madentes
870 1680 904 1734 et
924 1671 1004 1754 ipsis
1021 1691 1154 1754 gnaros,
1172 1671 1328 1736 hostibus
1340 1674 1504 1748 noxios'’,

304 1799 339 1853 et
361 1791 426 1854 sibi
450 1791 620 1855 redditum
645 1790 802 1854 Tacitum
826 1791 912 1873 grati
937 1810 1171 1872 agnoscemus.

349 1910 419 1974 Ubi
444 1910 578 1996 dicendi
604 1910 706 1973 finem
731 1909 810 1973 fecit
835 1908 950 1973 Civilis
973 1917 1096 1992 atque:

297 2016 302 2024 ¹
352 2049 454 2110 „sono
482 2048 652 2093 armorum
675 2029 899 2112 tripudiisque
923 2029 982 2110 (ita
1005 2029 1071 2092 illis
1094 2029 1180 2111 mos)
1203 2030 1396 2112 approbata
1418 2041 1505 2096 sunt

304 2151 407 2225 dicta,
430 2151 521 2212 saxis
544 2149 792 2232 glandibusque
816 2157 851 2211 et
874 2149 996 2211 ceteris
1020 2149 1200 2212 missilibus
1224 2151 1391 2232 proelium
1415 2152 1506 2214 inci·

305 2271 406 2352 pitur‚
434 2289 544 2351 neque
569 2277 685 2332 nostro
709 2269 816 2331 milite
840 2267 1000 2350 paludem
1024 2267 1236 2349 ingrediente
1260 2277 1295 2332 et
1318 2269 1506 2334 Germanis

305 2397 342 2451 ut
367 2387 527 2450 elicerent
550 2385 826 2451 lacessentibus”

350 2507 402 2571 Illi
427 2507 514 2571 male
537 2509 580 2571 sit
604 2508 660 2590 qui
686 2508 814 2589 primus
836 2507 902 2570 isto
927 2519 964 2571 ut
984 2506 1138 2570 elicerent
1160 2507 1338 2570 interiecto
1362 2508 1506 2591 elegan-

305 2630 469 2693 tissimam
493 2628 672 2711 periodum
696 2626 818 2709 (neque
842 2635 959 2689 nostro
979 2625 1084 2689 milite
1105 2625 1265 2708 paludem
1284 2627 1505 2708 ingrediente

306 2758 339 2812 et
372 2748 549 2812 Germanis
578 2747 832 2828 lacessentibus)
863 2747 1050 2828 corruperit
1082 2754 1116 2808 et
1148 2745 1287 2810 ridicule
1317 2746 1504 2830 loquacem

307 2869 405 2931 nobis
428 2867 585 2930 Tacitum
609 2865 811 2928 exhibuerit.
837 2865 925 2927 Nam
945 2865 1026 2947 quid
1047 2866 1081 2928 in
1103 2865 1166 2928 hac
1186 2867 1378 2929 narratione
1398 2868 1506 2932 laces·

305 2989 398 3052 sendi
421 2987 571 3061 verbum,
596 2985 643 3048 sic
668 2986 757 3049 nude
781 2984 940 3066 positum,
964 2984 1028 3046 sibi
1052 2983 1135 3047 velit
1158 2985 1268 3066 quivis
1293 3006 1377 3068 puer
1399 2989 1507 3051 intel-

306 3107 389 3189 ligit,
415 3125 524 3188 neque
549 3107 592 3168 ad
616 3105 764 3167 hostium
789 3102 975 3178 consilium,
1004 3103 1037 3165 id
1062 3104 1235 3186 agentium
1260 3114 1296 3167 ut
1321 3106 1504 3171 Romanos

306 3229 340 3291 in
347 3226 504 3309 paludem
517 3224 667 3298 illiciant,
681 3222 927 3304 designandum
940 3221 1045 3285 ullum
1057 3221 1149 3286 aliud
1161 3224 1347 3306 excogitari
1361 3234 1505 3307 poterat

307 3345 448 3408 verbum
472 3343 619 3426 ineptius
643 3362 744 3423 quam
769 3342 879 3423 ipsum
903 3341 1052 3404 eliciendi
1073 3341 1166 3405 illud.
