3248 5230
866 395 930 476 296

300 574 381 656 quin
412 573 480 635 sint
512 572 669 637 homines
699 583 770 638 tam
801 576 917 640 divina
948 577 1103 640 doctrina
1135 577 1279 660 praediti
1312 584 1349 638 ut
1372 573 1425 638 vel
1449 576 1495 638 ad

300 693 391 757 illam
416 693 534 775 longas
559 693 690 776 possint
713 695 927 759 conscribere
951 696 1190 759 annotationes
1214 716 1282 760 non
1307 696 1438 760 dubito.

346 932 526 996 Praeterea
548 933 592 996 ad
617 931 680 995 has
703 934 790 996 vitas
815 932 898 996 haec
923 933 1035 997 habeo
1058 953 1146 1017 quae
1169 942 1349 997 annotem:

346 1052 455 1116 Galba
479 1053 494 1116 I
528 1052 720 1116 Romanurn
744 1053 934 1136 imperium,
959 1056 1051 1135 quod
1077 1062 1155 1136 post
1179 1053 1324 1118 Neronis
1348 1063 1495 1118 mortem

300 1172 335 1234 in
367 1171 489 1236 multas
522 1180 635 1254 partes
668 1173 813 1236 divisum
844 1174 943 1237 simul
975 1195 1019 1236 ex
1051 1173 1165 1237 multis
1194 1174 1348 1278 partibus
1372 1175 1495 1239 iterum

302 1293 383 1355 coiit
414 1294 447 1356 in
478 1313 592 1369 unum,
625 1313 822 1376 perpessum
850 1295 934 1358 dicit
957 1288 1048 1369 ὅμοια
1072 1302 1136 1365 τοῖς
1161 1294 1341 1372 λεγομένοις
1365 1300 1495 1358 Τιτανι-

301 1419 365 1482 κοῖς
390 1411 501 1476 πάθεσι
526 1410 579 1474 καὶ
606 1412 765 1489 κινήμασι.
790 1413 899 1496 Quem
922 1416 964 1478 de
988 1415 1167 1479 Titanibus
1186 1415 1298 1478 locum
1320 1416 1493 1500 poeticum

300 1532 355 1596 hic
380 1534 537 1617 respiciat
562 1533 758 1596 Plutarchus
783 1554 835 1596 me
861 1533 954 1597 latet.

347 1651 456 1715 Galba
487 1652 519 1715 11
554 1651 732 1732 Νυμφίδιος
764 1651 827 1732 γὰρ
860 1651 998 1730 Σαβῖνος
1023 1651 1060 1716 ὢν
1086 1650 1223 1732 ἔπαρχος
1249 1649 1349 1734 ὥσπερ
1374 1651 1492 1732 εἴρηται

301 1770 367 1835 xri.
390 1773 539 1837 Ubinam
558 1774 625 1837 iam
646 1782 748 1837 antea
766 1775 808 1837 de
822 1774 1035 1858 Nymphidio
1049 1774 1247 1838 Plutarchus
1259 1784 1331 1839 erat
1343 1775 1494 1839 locutus?

347 1893 391 1956 ib.
418 1892 649 1976 Nymphidius
673 1913 754 1976 ergo
778 1902 908 1957 tantam
934 1893 1096 1957 militibus
1121 1895 1299 1978 pecuniam
1324 1894 1496 1979 pollicitus

303 2021 363 2086 est,
388 2020 550 2094 quantam
575 2013 733 2095 colligere
754 2034 822 2077 non
842 2022 987 2095 poterat,
1009 2014 1071 2077 nisi
1092 2014 1199 2078 multo
1221 2013 1371 2097 pluribus
1390 2035 1495 2098 quarn

305 2131 397 2212 Nero
429 2151 547 2195 omnes
580 2131 739 2196 mortales
769 2133 918 2196 afficeret
950 2133 1065 2198 malis:
1094 2137 1185 2196 τοῦτο
1218 2131 1292 2214 γαρ
1324 2134 1410 2204 εὐθὺς
1436 2133 1495 2207 μὲν

303 2247 452 2312 ἀπώλεσε
484 2247 622 2328 Νέρωνα,
653 2253 726 2327 μετ’
750 2250 855 2328 ὀλίγον
887 2251 917 2316 δὲ
942 2249 1089 2328 Γοὶλβοιν.
1112 2253 1176 2316 Τὸν
1198 2253 1255 2330 μὲν
1278 2253 1351 2331 γὰρ
1375 2253 1414 2324 ὡς
1438 2268 1496 2327 an-

303 2368 432 2450 ψδμενοι
456 2371 641 2448 προήκαντο,
662 2371 713 2434 τὸν
734 2370 765 2434 δὲ
785 2371 829 2448 μὴ
851 2369 1071 2450 λαμβάνοντες
1092 2370 1292 2437 ἀπέκτειναν.
1318 2374 1366 2438 Ut
1379 2374 1497 2438 omnia

304 2492 391 2568 bene
417 2491 607 2566 decurrant,
634 2493 725 2574 prius
747 2490 810 2569 γοέρ
835 2493 869 2556 in
892 2491 923 2555 δὲ
950 2495 1150 2557 mutandum
1175 2503 1235 2557 est.

348 2611 393 2674 ib.
418 2609 465 2674 rol
490 2608 546 2686 μὲν
571 2602 620 2673 οὖν
644 2609 713 2672 καθ’
737 2605 859 2673 ἕκαστα
884 2615 942 2674 τῶν
966 2611 1159 2689 γιγνομένων
1171 2609 1398 2690 ἀπαγγέλλειν
1410 2611 1498 2690 ἄκρι-

303 2727 368 2806 βῶς
392 2735 449 2800 τῆς
474 2734 701 2808 πραγματικῆς
726 2727 862 2807 ἱστορίας
888 2729 982 2795 ἐστίν.
1008 2732 1117 2796 Immo
1140 2730 1186 2795 τό.

350 2849 458 2914 Galba
483 2850 533 2913 III
571 2849 728 2913 Lutatius
759 2849 898 2914 Catulus
930 2851 981 2914 vir
1011 2851 1073 2914 fuit
1104 2854 1161 2934 qui
1194 2853 1319 2916 virtute
1350 2853 1502 2917 etfama

304 2969 502 3051 aequalibus
526 2977 724 3051 praestaret,
749 2969 775 3032 ri
799 2969 852 3032 καὶ
874 2967 909 3033 ro*
932 2968 1079 3034 δύνασθαι
1104 2975 1268 3048 μᾶλλον
1292 2971 1366 3036 ἑκὼν
1385 2971 1501 3052 ἑτέροις

304 3093 454 3167 παρῆκεν.
488 3087 598 3152 Immo
630 3086 746 3168 μεῖζον.
780 3090 852 3153 Nisi
885 3090 995 3154 hiatus
1019 3091 1149 3154 vitandi
1173 3111 1274 3155 causa
1298 3092 1501 3156 Plutarchus

305 3229 324 3271 a
357 3206 458 3270 solito
493 3206 673 3270 verborum
709 3207 828 3272 ordine
863 3209 1064 3285 recessisset,
1100 3212 1229 3274 dudum
1261 3212 1381 3276 vitium
1413 3213 1500 3277 illud

305 3336 394 3391 esset
418 3326 644 3390 observatum.
669 3326 752 3409 Quis
776 3329 866 3391 enim
890 3328 924 3392 τὸ
948 3331 1072 3404 μᾶλλον
1097 3328 1244 3394 δύνασθαι
1269 3329 1420 3395 tulisset?

350 3446 459 3511 Galba
482 3445 533 3509 IV
565 3446 748 3529 Postquam
781 3458 997 3513 enumeratae
1028 3459 1106 3513 sunt
1137 3471 1257 3515 causae
1285 3453 1408 3534 quibus
1431 3451 1499 3515 sibi

306 3566 562 3652 provincialium
588 3585 739 3628 amorem
765 3567 959 3631 conciliavit
984 3567 1102 3646 Galba,
1126 3572 1173 3633 sic
1198 3571 1309 3655 pergit
1332 3571 1500 3634 narratio:

305 3685 358 3750 καὶ
391 3684 467 3766 γὰρ
499 3679 532 3758 ἦν
563 3685 617 3760 ἤδη
652 3686 779 3760 συνήθης
815 3684 882 3756 ἔτος
907 3685 1010 3764 ὄγδοον
1036 3689 1131 3752 ἐκεῖνο
1154 3690 1210 3762 τὴν
1235 3689 1336 3770 ἀρχὴν
1360 3688 1441 3769 ἔχων
1466 3691 1499 3754 ἕν

305 3798 326 3886 ᾧ
351 3805 469 3878 Ἰούνιος
505 3805 631 3879 Οὔινδιξ
663 3805 819 3882 ἐπανέστη
851 3807 965 3887 Νέρωνι
997 3808 1062 3872 κτὲ.
1097 3810 1218 3894 Pergit,
1249 3812 1314 3887 aio,
1339 3811 1500 3888 narratio,

306 3947 387 4010 ergo
408 3927 495 3990 istud
517 3926 580 4006 γάρ
602 3929 821 3992 eximendum
843 3938 904 3993 est.
926 3928 1006 3992 Post
1026 3927 1081 3991 καί
1100 3950 1211 4012 aequo
1224 3931 1350 4006 animo,
1366 3931 1500 4014 opinor,

305 4047 435 4109 hiatum
459 4046 536 4109 tulit
562 4047 768 4111 Plutarchus
1231 4021 1238 4033 .

350 4166 459 4230 Galba
479 4166 512 4229 V
546 4164 727 4230 Vindicem
749 4167 840 4232 Nero
861 4170 1112 4246 contemnebat,
1133 4171 1193 4234 sed
1212 4171 1331 4233 audito
1353 4168 1498 4234 Galbam

305 4286 349 4349 ab
369 4305 410 4347 eo
430 4284 474 4347 ad
496 4283 674 4367 imperium
695 4297 853 4351 vocatum
875 4290 1068 4353 vehementi
1088 4299 1216 4353 terrore
1236 4297 1287 4353 est
1308 4290 1496 4373 perculsus;

306 4403 407 4487 paulo
432 4412 510 4485 post
533 4406 659 4470 scurrili
684 4406 760 4469 ioco
780 4416 909 4472 metum
929 4409 1022 4473 illum
1042 4409 1292 4473 dissimulabat:
1312 4409 1345 4471 οὐ
1365 4407 1495 4488 Φαύλνν
