<?xml version="1.0" encoding="UTF-8"?>
<!DOCTYPE html PUBLIC "-//W3C//DTD XHTML 1.0 Transitional//EN"
    "http://www.w3.org/TR/xhtml1/DTD/xhtml1-transitional.dtd">
<html xmlns="http://www.w3.org/1999/xhtml" xml:lang="en" lang="en">
 <head>
  <title>
</title>
<meta http-equiv="Content-Type" content="text/html;charset=utf-8" />
  <meta name='ocr-system' content='tesseract 3.04.00' />
  <meta name='ocr-capabilities' content='ocr_page ocr_carea ocr_par ocr_line ocrx_word'/>
</head>
<body>
  <div class='ocr_page' id='page_1' title='image "./analectatacitea01hartgoog_0157.png"; bbox 0 0 3266 5238; ppageno 0'>
   <div class='ocr_carea' id='block_1_1' title="bbox 903 424 964 502">
    <p class='ocr_par' dir='ltr' id='par_1_1' title="bbox 903 424 964 502">
     <span class='ocr_line' id='line_1_1' title="bbox 903 424 964 502; baseline 0.016 -17"><span class='ocrx_word' id='word_1_1' title='bbox 903 424 964 502; x_wconf 89' lang='lat'>146</span> 
     </span>
    </p>
   </div>
   <div class='ocr_carea' id='block_1_2' title="bbox 334 598 1526 1286">
    <p class='ocr_par' dir='ltr' id='par_1_2' title="bbox 334 598 1526 1286">
     <span class='ocr_line' id='line_1_2' title="bbox 382 598 1393 688; baseline 0.005 -26"><span class='ocrx_word' id='word_1_2' title='bbox 382 598 467 680; x_wconf 83' lang='lat' dir='ltr'>,Cur</span> <span class='ocrx_word' id='word_1_3' title='bbox 491 599 691 664; x_wconf 84' lang='lat' dir='ltr'>abstinuerit</span> <span class='ocrx_word' id='word_1_4' title='bbox 715 601 909 683; x_wconf 90' lang='lat' dir='ltr'>spectaculo</span> <span class='ocrx_word' id='word_1_5' title='bbox 933 603 1006 684; x_wconf 91' lang='lat' dir='ltr'>ipse</span> <span class='ocrx_word' id='word_1_6' title='bbox 1030 603 1121 665; x_wconf 90' lang='lat' dir='ltr'>varie</span> <span class='ocrx_word' id='word_1_7' title='bbox 1145 603 1327 666; x_wconf 86' lang='lat' dir='ltr'>tradebant</span> <span class='ocrx_word' id='word_1_8' title='bbox 1347 604 1393 688; x_wconf 88' lang='grc' dir='ltr'>ι)”</span> 
     </span>
     <span class='ocr_line' id='line_1_3' title="bbox 335 717 1524 807; baseline 0.005 -26"><span class='ocrx_word' id='word_1_9' title='bbox 335 717 480 782; x_wconf 90' lang='lat' dir='ltr'>clamare</span> <span class='ocrx_word' id='word_1_10' title='bbox 511 719 545 783; x_wconf 91' lang='lat' dir='ltr'>in</span> <span class='ocrx_word' id='word_1_11' title='bbox 577 729 737 804; x_wconf 89' lang='lat' dir='ltr'>promptu</span> <span class='ocrx_word' id='word_1_12' title='bbox 768 731 834 784; x_wconf 89' lang='lat' dir='ltr'>est:</span> <span class='ocrx_word' id='word_1_13' title='bbox 870 731 934 803; x_wconf 78' lang='lat' dir='ltr'>,at,</span> <span class='ocrx_word' id='word_1_14' title='bbox 967 743 988 786; x_wconf 99' lang='lat' dir='ltr'>o</span> <span class='ocrx_word' id='word_1_15' title='bbox 1019 722 1120 797; x_wconf 89' lang='lat' dir='ltr'>bone,</span> <span class='ocrx_word' id='word_1_16' title='bbox 1152 722 1251 786; x_wconf 91' lang='lat' dir='ltr'>nobis</span> <span class='ocrx_word' id='word_1_17' title='bbox 1274 723 1321 786; x_wconf 93' lang='lat' dir='ltr'>nil</span> <span class='ocrx_word' id='word_1_18' title='bbox 1345 743 1432 807; x_wconf 91' lang='lat' dir='ltr'>opus</span> <span class='ocrx_word' id='word_1_19' title='bbox 1454 725 1524 787; x_wconf 90' lang='lat' dir='ltr'>istis</span> 
     </span>
     <span class='ocr_line' id='line_1_4' title="bbox 334 840 1523 926; baseline 0.004 -22"><span class='ocrx_word' id='word_1_20' title='bbox 334 842 430 904; x_wconf 82' lang='lat' dir='ltr'>varr&#39;e</span> <span class='ocrx_word' id='word_1_21' title='bbox 460 840 668 905; x_wconf 77' lang='lat' dir='ltr'>trahentibus</span> <span class='ocrx_word' id='word_1_22' title='bbox 697 842 751 905; x_wconf 90' lang='lat' dir='ltr'>vel</span> <span class='ocrx_word' id='word_1_23' title='bbox 782 843 1003 908; x_wconf 82' lang='lat' dir='ltr'>tradentibus:</span> <span class='ocrx_word' id='word_1_24' title='bbox 1036 843 1108 926; x_wconf 90' lang='lat' dir='ltr'>ipse</span> <span class='ocrx_word' id='word_1_25' title='bbox 1139 843 1230 906; x_wconf 89' lang='lat' dir='ltr'>enim</span> <span class='ocrx_word' id='word_1_26' title='bbox 1262 843 1360 907; x_wconf 91' lang='lat' dir='ltr'>nobis</span> <span class='ocrx_word' id='word_1_27' title='bbox 1389 864 1523 909; x_wconf 90' lang='lat' dir='ltr'>causam</span> 
     </span>
     <span class='ocr_line' id='line_1_5' title="bbox 334 960 1524 1045; baseline 0.003 -22"><span class='ocrx_word' id='word_1_28' title='bbox 334 960 534 1042; x_wconf 87' lang='lat' dir='ltr'>suppeditas</span> <span class='ocrx_word' id='word_1_29' title='bbox 563 961 739 1024; x_wconf 83' lang='lat' dir='ltr'>idoneam:</span> <span class='ocrx_word' id='word_1_30' title='bbox 771 963 798 1024; x_wconf 89' lang='lat' dir='ltr'>si</span> <span class='ocrx_word' id='word_1_31' title='bbox 830 961 888 1025; x_wconf 85' lang='lat' dir='ltr'>filii</span> <span class='ocrx_word' id='word_1_32' title='bbox 917 961 1153 1026; x_wconf 85' lang='lat' dir='ltr'>crudelitatem</span> <span class='ocrx_word' id='word_1_33' title='bbox 1178 963 1371 1045; x_wconf 90' lang='lat' dir='ltr'>vituperare</span> <span class='ocrx_word' id='word_1_34' title='bbox 1394 963 1524 1028; x_wconf 82' lang='lat' dir='ltr'>solebat</span> 
     </span>
     <span class='ocr_line' id='line_1_6' title="bbox 335 1077 1524 1164; baseline 0.004 -23"><span class='ocrx_word' id='word_1_35' title='bbox 335 1077 500 1155; x_wconf 91' lang='lat' dir='ltr'>Tiberius,</span> <span class='ocrx_word' id='word_1_36' title='bbox 525 1079 615 1144; x_wconf 91' lang='lat' dir='ltr'>haud</span> <span class='ocrx_word' id='word_1_37' title='bbox 636 1079 738 1144; x_wconf 91' lang='lat' dir='ltr'>dubie</span> <span class='ocrx_word' id='word_1_38' title='bbox 759 1081 857 1143; x_wconf 93' lang='lat' dir='ltr'>nobis</span> <span class='ocrx_word' id='word_1_39' title='bbox 877 1081 957 1144; x_wconf 93' lang='lat' dir='ltr'>inde</span> <span class='ocrx_word' id='word_1_40' title='bbox 978 1081 1109 1144; x_wconf 88' lang='lat' dir='ltr'>efficere</span> <span class='ocrx_word' id='word_1_41' title='bbox 1130 1081 1209 1144; x_wconf 89' lang='lat' dir='ltr'>licet</span> <span class='ocrx_word' id='word_1_42' title='bbox 1230 1083 1340 1164; x_wconf 91' lang='lat' dir='ltr'>ipsum</span> <span class='ocrx_word' id='word_1_43' title='bbox 1360 1084 1524 1146; x_wconf 90' lang='lat' dir='ltr'>eiusmodi</span> 
     </span>
     <span class='ocr_line' id='line_1_7' title="bbox 335 1181 1526 1286; baseline 0.002 -24"><span class='ocrx_word' id='word_1_44' title='bbox 335 1200 528 1286; x_wconf 82' lang='lat' dir='ltr'>spectacula</span> <span class='ocrx_word' id='word_1_45' title='bbox 548 1201 581 1262; x_wconf 94' lang='lat' dir='ltr'>in</span> <span class='ocrx_word' id='word_1_46' title='bbox 603 1181 731 1264; x_wconf 92' lang='lat' dir='ltr'>deliciis</span> <span class='ocrx_word' id='word_1_47' title='bbox 751 1220 819 1263; x_wconf 94' lang='lat' dir='ltr'>non</span> <span class='ocrx_word' id='word_1_48' title='bbox 840 1201 1008 1276; x_wconf 92' lang='lat' dir='ltr'>habuisse,</span> <span class='ocrx_word' id='word_1_49' title='bbox 1029 1209 1064 1264; x_wconf 88' lang='lat' dir='ltr'>et</span> <span class='ocrx_word' id='word_1_50' title='bbox 1081 1221 1287 1284; x_wconf 89' lang='lat' dir='ltr'>quamquam</span> <span class='ocrx_word' id='word_1_51' title='bbox 1303 1202 1402 1283; x_wconf 87' lang='lat' dir='ltr'>aequi</span> <span class='ocrx_word' id='word_1_52' title='bbox 1420 1201 1526 1265; x_wconf 88' lang='lat' dir='ltr'>iuerat</span> 
     </span>
    </p>
   </div>
   <div class='ocr_carea' id='block_1_3' title="bbox 335 1293 1524 1404">
    <p class='ocr_par' dir='ltr' id='par_1_3' title="bbox 335 1293 1524 1404">
     <span class='ocr_line' id='line_1_8' title="bbox 335 1293 1524 1404; baseline 0.002 -20"><span class='ocrx_word' id='word_1_53' title='bbox 335 1320 508 1404; x_wconf 89' lang='lat' dir='ltr'>scriptoris</span> <span class='ocrx_word' id='word_1_54' title='bbox 531 1320 618 1385; x_wconf 88' lang='lat' dir='ltr'>hanc</span> <span class='ocrx_word' id='word_1_55' title='bbox 642 1342 778 1404; x_wconf 91' lang='lat' dir='ltr'>quoque</span> <span class='ocrx_word' id='word_1_56' title='bbox 802 1293 939 1385; x_wconf 71' lang='lat' dir='ltr'>causam</span> <span class='ocrx_word' id='word_1_57' title='bbox 962 1321 1097 1384; x_wconf 89' lang='lat' dir='ltr'>disertis</span> <span class='ocrx_word' id='word_1_58' title='bbox 1122 1321 1270 1404; x_wconf 85' lang='lat' dir='ltr'>prolerre</span> <span class='ocrx_word' id='word_1_59' title='bbox 1291 1321 1413 1398; x_wconf 91' lang='lat' dir='ltr'>verbis,</span> <span class='ocrx_word' id='word_1_60' title='bbox 1434 1335 1524 1387; x_wconf 87' lang='lat' dir='ltr'>tuum</span> 
     </span>
    </p>
   </div>
   <div class='ocr_carea' id='block_1_4' title="bbox 335 1440 1530 3438">
    <p class='ocr_par' dir='ltr' id='par_1_4' title="bbox 335 1440 1530 3438">
     <span class='ocr_line' id='line_1_9' title="bbox 335 1440 1524 1524; baseline -0.001 -19"><span class='ocrx_word' id='word_1_61' title='bbox 335 1450 450 1505; x_wconf 88' lang='lat' dir='ltr'>tamen</span> <span class='ocrx_word' id='word_1_62' title='bbox 489 1440 700 1522; x_wconf 81' lang='lat' dir='ltr'>„silentium”</span> <span class='ocrx_word' id='word_1_63' title='bbox 732 1440 903 1505; x_wconf 86' lang='lat' dir='ltr'>molestias</span> <span class='ocrx_word' id='word_1_64' title='bbox 934 1441 1032 1505; x_wconf 92' lang='lat' dir='ltr'>nobis</span> <span class='ocrx_word' id='word_1_65' title='bbox 1064 1461 1132 1504; x_wconf 90' lang='lat' dir='ltr'>non</span> <span class='ocrx_word' id='word_1_66' title='bbox 1163 1442 1314 1517; x_wconf 84' lang='lat' dir='ltr'>exhibet,</span> <span class='ocrx_word' id='word_1_67' title='bbox 1346 1443 1425 1524; x_wconf 91' lang='lat' dir='ltr'>quia</span> <span class='ocrx_word' id='word_1_68' title='bbox 1455 1450 1524 1504; x_wconf 89' lang='lat' dir='ltr'>tam</span> 
     </span>
     <span class='ocr_line' id='line_1_10' title="bbox 336 1559 1524 1626; baseline 0 -2"><span class='ocrx_word' id='word_1_69' title='bbox 336 1559 468 1624; x_wconf 83' lang='lat' dir='ltr'>facilem</span> <span class='ocrx_word' id='word_1_70' title='bbox 489 1562 586 1625; x_wconf 93' lang='lat' dir='ltr'>nobis</span> <span class='ocrx_word' id='word_1_71' title='bbox 599 1562 814 1626; x_wconf 90' lang='lat' dir='ltr'>coniectandi</span> <span class='ocrx_word' id='word_1_72' title='bbox 827 1562 1005 1626; x_wconf 89' lang='lat' dir='ltr'>reddidisti</span> <span class='ocrx_word' id='word_1_73' title='bbox 1018 1563 1195 1626; x_wconf 89' lang='lat' dir='ltr'>rationem.</span> <span class='ocrx_word' id='word_1_74' title='bbox 1208 1561 1400 1626; x_wconf 89' lang='lat' dir='ltr'>Audiamus</span> <span class='ocrx_word' id='word_1_75' title='bbox 1412 1570 1524 1625; x_wconf 90' lang='lat' dir='ltr'>tamen</span> 
     </span>
     <span class='ocr_line' id='line_1_11' title="bbox 336 1681 1525 1766; baseline 0 -23"><span class='ocrx_word' id='word_1_76' title='bbox 336 1700 424 1762; x_wconf 92' lang='lat' dir='ltr'>quae</span> <span class='ocrx_word' id='word_1_77' title='bbox 458 1681 502 1744; x_wconf 92' lang='lat' dir='ltr'>ab</span> <span class='ocrx_word' id='word_1_78' title='bbox 536 1681 731 1745; x_wconf 88' lang='lat' dir='ltr'>auctoribus</span> <span class='ocrx_word' id='word_1_79' title='bbox 761 1682 828 1745; x_wconf 89' lang='lat' dir='ltr'>tuis</span> <span class='ocrx_word' id='word_1_80' title='bbox 858 1681 1087 1764; x_wconf 79' lang='lat' dir='ltr'>proferantur:</span> <span class='ocrx_word' id='word_1_81' title='bbox 1126 1681 1199 1762; x_wconf 86' lang='lat' dir='ltr'>,alii</span> <span class='ocrx_word' id='word_1_82' title='bbox 1226 1681 1345 1766; x_wconf 85' lang='lat' dir='ltr'>taedio</span> <span class='ocrx_word' id='word_1_83' title='bbox 1377 1681 1525 1745; x_wconf 89' lang='lat' dir='ltr'>coetus’&#39;.</span> 
     </span>
     <span class='ocr_line' id='line_1_12' title="bbox 336 1800 1525 1883; baseline -0.002 -19"><span class='ocrx_word' id='word_1_84' title='bbox 336 1801 465 1865; x_wconf 84' lang='lat' dir='ltr'>Idonea</span> <span class='ocrx_word' id='word_1_85' title='bbox 496 1800 649 1883; x_wconf 86' lang='lat' dir='ltr'>prolecto</span> <span class='ocrx_word' id='word_1_86' title='bbox 680 1821 790 1876; x_wconf 90' lang='lat' dir='ltr'>causa,</span> <span class='ocrx_word' id='word_1_87' title='bbox 823 1821 989 1883; x_wconf 88' lang='lat' dir='ltr'>quaeque,</span> <span class='ocrx_word' id='word_1_88' title='bbox 1017 1800 1098 1864; x_wconf 91' lang='lat' dir='ltr'>licet</span> <span class='ocrx_word' id='word_1_89' title='bbox 1121 1820 1240 1883; x_wconf 89' lang='lat' dir='ltr'>parum</span> <span class='ocrx_word' id='word_1_90' title='bbox 1264 1802 1308 1864; x_wconf 89' lang='lat' dir='ltr'>sit</span> <span class='ocrx_word' id='word_1_91' title='bbox 1332 1801 1525 1875; x_wconf 87' lang='lat' dir='ltr'>honorifica,</span> 
     </span>
     <span class='ocr_line' id='line_1_13' title="bbox 336 1919 1526 2002; baseline -0.002 -18"><span class='ocrx_word' id='word_1_92' title='bbox 336 1919 427 1984; x_wconf 90' lang='lat' dir='ltr'>nulla</span> <span class='ocrx_word' id='word_1_93' title='bbox 457 1928 572 1984; x_wconf 90' lang='lat' dir='ltr'>tamen</span> <span class='ocrx_word' id='word_1_94' title='bbox 604 1919 778 1984; x_wconf 87' lang='lat' dir='ltr'>Tiberium</span> <span class='ocrx_word' id='word_1_95' title='bbox 809 1920 913 1982; x_wconf 89' lang='lat' dir='ltr'>afficit</span> <span class='ocrx_word' id='word_1_96' title='bbox 944 1919 1159 1983; x_wconf 91' lang='lat' dir='ltr'>contumelia.</span> <span class='ocrx_word' id='word_1_97' title='bbox 1195 1919 1361 2002; x_wconf 76' lang='lat' dir='ltr'>„Quidam</span> <span class='ocrx_word' id='word_1_98' title='bbox 1393 1921 1526 1982; x_wconf 90' lang='lat' dir='ltr'>tristitia</span> 
     </span>
     <span class='ocr_line' id='line_1_14' title="bbox 336 2040 1526 2124; baseline 0 -22"><span class='ocrx_word' id='word_1_99' title='bbox 336 2040 461 2122; x_wconf 87' lang='lat' dir='ltr'>ingenii</span> <span class='ocrx_word' id='word_1_100' title='bbox 486 2049 521 2103; x_wconf 90' lang='lat' dir='ltr'>et</span> <span class='ocrx_word' id='word_1_101' title='bbox 545 2050 636 2104; x_wconf 92' lang='lat' dir='ltr'>metu</span> <span class='ocrx_word' id='word_1_102' title='bbox 662 2041 936 2124; x_wconf 89' lang='lat' dir='ltr'>comparationis,</span> <span class='ocrx_word' id='word_1_103' title='bbox 961 2041 1040 2122; x_wconf 91' lang='lat' dir='ltr'>quia</span> <span class='ocrx_word' id='word_1_104' title='bbox 1066 2040 1241 2121; x_wconf 84' lang='lat' dir='ltr'>Augustus</span> <span class='ocrx_word' id='word_1_105' title='bbox 1264 2041 1408 2110; x_wconf 87' lang='lat' dir='ltr'>comiter</span> <span class='ocrx_word' id='word_1_106' title='bbox 1428 2040 1526 2102; x_wconf 92' lang='lat' dir='ltr'>inter·</span> 
     </span>
     <span class='ocr_line' id='line_1_15' title="bbox 336 2159 1526 2242; baseline -0.002 -19"><span class='ocrx_word' id='word_1_107' title='bbox 336 2159 485 2223; x_wconf 86' lang='lat' dir='ltr'>luisset.”</span> <span class='ocrx_word' id='word_1_108' title='bbox 507 2159 583 2223; x_wconf 92' lang='lat' dir='ltr'>Hoc</span> <span class='ocrx_word' id='word_1_109' title='bbox 602 2180 739 2242; x_wconf 91' lang='lat' dir='ltr'>quoque</span> <span class='ocrx_word' id='word_1_110' title='bbox 760 2159 944 2224; x_wconf 89' lang='lat' dir='ltr'>humanum</span> <span class='ocrx_word' id='word_1_111' title='bbox 964 2168 1026 2236; x_wconf 91' lang='lat' dir='ltr'>est,</span> <span class='ocrx_word' id='word_1_112' title='bbox 1048 2180 1159 2242; x_wconf 92' lang='lat' dir='ltr'>neque</span> <span class='ocrx_word' id='word_1_113' title='bbox 1180 2160 1263 2222; x_wconf 91' lang='lat' dir='ltr'>vitio</span> <span class='ocrx_word' id='word_1_114' title='bbox 1284 2168 1416 2223; x_wconf 90' lang='lat' dir='ltr'>vertere</span> <span class='ocrx_word' id='word_1_115' title='bbox 1428 2159 1526 2223; x_wconf 92' lang='lat' dir='ltr'>alicui</span> 
     </span>
     <span class='ocr_line' id='line_1_16' title="bbox 336 2273 1526 2363; baseline -0.001 -21"><span class='ocrx_word' id='word_1_116' title='bbox 336 2280 482 2343; x_wconf 90' lang='lat' dir='ltr'>solemus</span> <span class='ocrx_word' id='word_1_117' title='bbox 501 2281 528 2342; x_wconf 93' lang='lat' dir='ltr'>si</span> <span class='ocrx_word' id='word_1_118' title='bbox 548 2300 609 2363; x_wconf 92' lang='lat' dir='ltr'>pro</span> <span class='ocrx_word' id='word_1_119' title='bbox 630 2300 665 2344; x_wconf 92' lang='lat' dir='ltr'>re</span> <span class='ocrx_word' id='word_1_120' title='bbox 687 2290 766 2344; x_wconf 91' lang='lat' dir='ltr'>nata</span> <span class='ocrx_word' id='word_1_121' title='bbox 786 2281 916 2344; x_wconf 92' lang='lat' dir='ltr'>vultum</span> <span class='ocrx_word' id='word_1_122' title='bbox 938 2288 1068 2343; x_wconf 91' lang='lat' dir='ltr'>mutare</span> <span class='ocrx_word' id='word_1_123' title='bbox 1090 2273 1157 2343; x_wconf 86' lang='lat' dir='ltr'>nori</span> <span class='ocrx_word' id='word_1_124' title='bbox 1179 2287 1303 2362; x_wconf 90' lang='lat' dir='ltr'>potest.</span> <span class='ocrx_word' id='word_1_125' title='bbox 1325 2278 1416 2362; x_wconf 83' lang='lat' dir='ltr'>Quid</span> <span class='ocrx_word' id='word_1_126' title='bbox 1434 2280 1526 2362; x_wconf 93' lang='lat' dir='ltr'>quod</span> 
     </span>
     <span class='ocr_line' id='line_1_17' title="bbox 335 2398 1526 2482; baseline 0.001 -21"><span class='ocrx_word' id='word_1_127' title='bbox 335 2398 441 2462; x_wconf 88' lang='lat' dir='ltr'>semel</span> <span class='ocrx_word' id='word_1_128' title='bbox 464 2400 508 2462; x_wconf 92' lang='lat' dir='ltr'>de</span> <span class='ocrx_word' id='word_1_129' title='bbox 531 2399 669 2462; x_wconf 91' lang='lat' dir='ltr'>Tiberio</span> <span class='ocrx_word' id='word_1_130' title='bbox 689 2399 890 2463; x_wconf 91' lang='lat' dir='ltr'>clementius</span> <span class='ocrx_word' id='word_1_131' title='bbox 909 2401 1057 2464; x_wconf 91' lang='lat' dir='ltr'>iudicare</span> <span class='ocrx_word' id='word_1_132' title='bbox 1078 2401 1204 2482; x_wconf 88' lang='lat' dir='ltr'>paratis</span> <span class='ocrx_word' id='word_1_133' title='bbox 1223 2399 1312 2462; x_wconf 92' lang='lat' dir='ltr'>ultro</span> <span class='ocrx_word' id='word_1_134' title='bbox 1332 2398 1526 2462; x_wconf 84' lang='lat' dir='ltr'>facultatem</span> 
     </span>
     <span class='ocr_line' id='line_1_18' title="bbox 337 2515 1527 2604; baseline -0.002 -20"><span class='ocrx_word' id='word_1_135' title='bbox 337 2521 480 2604; x_wconf 89' lang='lat' dir='ltr'>praebes</span> <span class='ocrx_word' id='word_1_136' title='bbox 503 2541 521 2584; x_wconf 91' lang='lat' dir='ltr'>e</span> <span class='ocrx_word' id='word_1_137' title='bbox 545 2521 657 2584; x_wconf 91' lang='lat' dir='ltr'>verbis</span> <span class='ocrx_word' id='word_1_138' title='bbox 680 2521 757 2595; x_wconf 91' lang='lat' dir='ltr'>tuis,</span> <span class='ocrx_word' id='word_1_139' title='bbox 781 2521 936 2602; x_wconf 92' lang='lat' dir='ltr'>quamvis</span> <span class='ocrx_word' id='word_1_140' title='bbox 961 2520 1145 2595; x_wconf 86' lang='lat' dir='ltr'>malevolis,</span> <span class='ocrx_word' id='word_1_141' title='bbox 1170 2515 1303 2582; x_wconf 86' lang='lat' dir='ltr'>efficere</span> <span class='ocrx_word' id='word_1_142' title='bbox 1326 2520 1527 2602; x_wconf 86' lang='lat' dir='ltr'>asanguine</span> 
     </span>
     <span class='ocr_line' id='line_1_19' title="bbox 336 2637 1529 2721; baseline -0.003 -17"><span class='ocrx_word' id='word_1_143' title='bbox 336 2649 371 2704; x_wconf 89' lang='lat' dir='ltr'>et</span> <span class='ocrx_word' id='word_1_144' title='bbox 394 2641 535 2704; x_wconf 88' lang='lat' dir='ltr'>saevitia</span> <span class='ocrx_word' id='word_1_145' title='bbox 558 2648 639 2704; x_wconf 92' lang='lat' dir='ltr'>tunc</span> <span class='ocrx_word' id='word_1_146' title='bbox 663 2648 754 2704; x_wconf 88' lang='lat' dir='ltr'>certe</span> <span class='ocrx_word' id='word_1_147' title='bbox 778 2639 952 2704; x_wconf 88' lang='lat' dir='ltr'>Tiberium</span> <span class='ocrx_word' id='word_1_148' title='bbox 976 2640 1199 2704; x_wconf 89' lang='lat' dir='ltr'>abhorruisse.</span> <span class='ocrx_word' id='word_1_149' title='bbox 1221 2638 1322 2721; x_wconf 88' lang='lat' dir='ltr'>Quod</span> <span class='ocrx_word' id='word_1_150' title='bbox 1343 2658 1424 2702; x_wconf 92' lang='lat' dir='ltr'>vero</span> <span class='ocrx_word' id='word_1_151' title='bbox 1443 2637 1529 2702; x_wconf 91' lang='lat' dir='ltr'>haec</span> 
     </span>
     <span class='ocr_line' id='line_1_20' title="bbox 337 2758 1530 2842; baseline -0.001 -20"><span class='ocrx_word' id='word_1_152' title='bbox 337 2781 473 2842; x_wconf 91' lang='lat' dir='ltr'>quoque</span> <span class='ocrx_word' id='word_1_153' title='bbox 515 2758 635 2823; x_wconf 83' lang='lat' dir='ltr'>refers:</span> <span class='ocrx_word' id='word_1_154' title='bbox 683 2760 745 2840; x_wconf 87' lang='lat' dir='ltr'>,ad</span> <span class='ocrx_word' id='word_1_155' title='bbox 785 2760 1025 2823; x_wconf 89' lang='lat' dir='ltr'>ostentandam</span> <span class='ocrx_word' id='word_1_156' title='bbox 1061 2760 1238 2822; x_wconf 90' lang='lat' dir='ltr'>saevitiam</span> <span class='ocrx_word' id='word_1_157' title='bbox 1274 2758 1530 2841; x_wconf 87' lang='lat' dir='ltr'>movendasque</span> 
     </span>
     <span class='ocr_line' id='line_1_21' title="bbox 337 2877 1529 2962; baseline -0.003 -20"><span class='ocrx_word' id='word_1_158' title='bbox 337 2879 453 2962; x_wconf 91' lang='lat' dir='ltr'>populi</span> <span class='ocrx_word' id='word_1_159' title='bbox 486 2877 689 2943; x_wconf 80' lang='lat' dir='ltr'>offensiones</span> <span class='ocrx_word' id='word_1_160' title='bbox 721 2898 916 2942; x_wconf 91' lang='lat' dir='ltr'>concessam</span> <span class='ocrx_word' id='word_1_161' title='bbox 948 2878 1018 2941; x_wconf 89' lang='lat' dir='ltr'>filio</span> <span class='ocrx_word' id='word_1_162' title='bbox 1050 2877 1248 2942; x_wconf 88' lang='lat' dir='ltr'>materiem”</span> <span class='ocrx_word' id='word_1_163' title='bbox 1272 2877 1376 2941; x_wconf 89' lang='lat' dir='ltr'>bilem</span> <span class='ocrx_word' id='word_1_164' title='bbox 1401 2897 1529 2951; x_wconf 76' lang='lat' dir='ltr'>moveS,</span> 
     </span>
     <span class='ocr_line' id='line_1_22' title="bbox 336 2995 1530 3080; baseline -0.003 -19"><span class='ocrx_word' id='word_1_165' title='bbox 336 2998 416 3061; x_wconf 89' lang='lat' dir='ltr'>licet</span> <span class='ocrx_word' id='word_1_166' title='bbox 446 2996 531 3061; x_wconf 90' lang='lat' dir='ltr'>haec</span> <span class='ocrx_word' id='word_1_167' title='bbox 562 2998 775 3080; x_wconf 86' lang='lat' dir='ltr'>praemiseris</span> <span class='ocrx_word' id='word_1_168' title='bbox 799 2996 981 3060; x_wconf 89' lang='lat' dir='ltr'>vocabula:</span> <span class='ocrx_word' id='word_1_169' title='bbox 1010 3018 1097 3077; x_wconf 92' lang='lat' dir='ltr'>,non</span> <span class='ocrx_word' id='word_1_170' title='bbox 1122 2995 1358 3060; x_wconf 87' lang='lat' dir='ltr'>crediderim”.</span> <span class='ocrx_word' id='word_1_171' title='bbox 1384 2995 1530 3061; x_wconf 90' lang='lat' dir='ltr'>Subiicis</span> 
     </span>
     <span class='ocr_line' id='line_1_23' title="bbox 337 3115 1529 3200; baseline -0.002 -20"><span class='ocrx_word' id='word_1_172' title='bbox 337 3119 445 3180; x_wconf 90' lang='lat' dir='ltr'>enim:</span> <span class='ocrx_word' id='word_1_173' title='bbox 484 3138 710 3200; x_wconf 82' lang='lat' dir='ltr'>,quamquam</span> <span class='ocrx_word' id='word_1_174' title='bbox 745 3118 779 3181; x_wconf 90' lang='lat' dir='ltr'>id</span> <span class='ocrx_word' id='word_1_175' title='bbox 815 3137 951 3199; x_wconf 91' lang='lat' dir='ltr'>quoque</span> <span class='ocrx_word' id='word_1_176' title='bbox 986 3119 1116 3181; x_wconf 91' lang='lat' dir='ltr'>dictum</span> <span class='ocrx_word' id='word_1_177' title='bbox 1146 3115 1238 3193; x_wconf 86' lang='lat' dir='ltr'>est’&#39;;</span> <span class='ocrx_word' id='word_1_178' title='bbox 1271 3118 1322 3179; x_wconf 91' lang='lat' dir='ltr'>his</span> <span class='ocrx_word' id='word_1_179' title='bbox 1353 3115 1529 3179; x_wconf 89' lang='lat' dir='ltr'>vocabulis</span> 
     </span>
     <span class='ocr_line' id='line_1_24' title="bbox 335 3233 1528 3320; baseline -0.001 -21"><span class='ocrx_word' id='word_1_180' title='bbox 335 3245 446 3300; x_wconf 90' lang='lat' dir='ltr'>totum</span> <span class='ocrx_word' id='word_1_181' title='bbox 471 3237 599 3300; x_wconf 91' lang='lat' dir='ltr'>claudis</span> <span class='ocrx_word' id='word_1_182' title='bbox 617 3238 741 3314; x_wconf 91' lang='lat' dir='ltr'>locum,</span> <span class='ocrx_word' id='word_1_183' title='bbox 761 3247 865 3320; x_wconf 91' lang='lat' dir='ltr'>atque</span> <span class='ocrx_word' id='word_1_184' title='bbox 884 3239 932 3301; x_wconf 90' lang='lat' dir='ltr'>sic</span> <span class='ocrx_word' id='word_1_185' title='bbox 953 3238 987 3300; x_wconf 92' lang='lat' dir='ltr'>in</span> <span class='ocrx_word' id='word_1_186' title='bbox 1007 3237 1191 3320; x_wconf 85' lang='lat' dir='ltr'>legentium</span> <span class='ocrx_word' id='word_1_187' title='bbox 1212 3237 1333 3300; x_wconf 87' lang='lat' dir='ltr'>animis</span> <span class='ocrx_word' id='word_1_188' title='bbox 1352 3235 1386 3298; x_wconf 78' lang='grc' dir='ltr'>τὸ</span> <span class='ocrx_word' id='word_1_189' title='bbox 1405 3233 1528 3314; x_wconf 73' lang='grc' dir='ltr'><strong><em>κέντρον</em></strong></span> 
     </span>
     <span class='ocr_line' id='line_1_25' title="bbox 335 3354 1528 3438; baseline -0.001 -19"><span class='ocrx_word' id='word_1_190' title='bbox 335 3354 593 3434; x_wconf 72' lang='lat' dir='ltr'>iyaarahrr&#39;aera.</span> <span class='ocrx_word' id='word_1_191' title='bbox 617 3356 702 3421; x_wconf 90' lang='lat' dir='ltr'>Cum</span> <span class='ocrx_word' id='word_1_192' title='bbox 723 3377 843 3421; x_wconf 91' lang='lat' dir='ltr'>causae</span> <span class='ocrx_word' id='word_1_193' title='bbox 864 3359 1018 3431; x_wconf 90' lang='lat' dir='ltr'>idoneae,</span> <span class='ocrx_word' id='word_1_194' title='bbox 1036 3355 1217 3438; x_wconf 90' lang='lat' dir='ltr'>simplices,</span> <span class='ocrx_word' id='word_1_195' title='bbox 1231 3355 1428 3418; x_wconf 91' lang='lat' dir='ltr'>verisimiles</span> <span class='ocrx_word' id='word_1_196' title='bbox 1440 3355 1528 3419; x_wconf 89' lang='lat' dir='ltr'>aliae</span> 
     </span>
    </p>
   </div>
   <div class='ocr_carea' id='block_1_5' title="bbox 333 3507 546 3520">
    <p class='ocr_par' dir='ltr' id='par_1_5' title="bbox 333 3507 546 3520">
     <span class='ocr_line' id='line_1_26' title="bbox 333 3507 546 3520; baseline -0.019 0"><span class='ocrx_word' id='word_1_197' title='bbox 333 3507 546 3520; x_wconf 75' lang='lat'>———-</span> 
     </span>
    </p>
   </div>
   <div class='ocr_carea' id='block_1_6' title="bbox 332 3583 1529 4500">
    <p class='ocr_par' dir='ltr' id='par_1_6' title="bbox 332 3583 1529 3914">
     <span class='ocr_line' id='line_1_27' title="bbox 373 3583 1529 3655; baseline -0.003 -17"><span class='ocrx_word' id='word_1_198' title='bbox 373 3588 398 3655; x_wconf 88' lang='lat'>1)</span> <span class='ocrx_word' id='word_1_199' title='bbox 417 3588 459 3638; x_wconf 90' lang='lat' dir='ltr'>Sic</span> <span class='ocrx_word' id='word_1_200' title='bbox 478 3588 548 3638; x_wconf 89' lang='lat' dir='ltr'>enim</span> <span class='ocrx_word' id='word_1_201' title='bbox 564 3585 705 3652; x_wconf 84' lang='lat' dir='ltr'>legendum</span> <span class='ocrx_word' id='word_1_202' title='bbox 720 3602 815 3637; x_wconf 91' lang='lat' dir='ltr'>censeo</span> <span class='ocrx_word' id='word_1_203' title='bbox 831 3602 883 3651; x_wconf 89' lang='lat' dir='ltr'>pro</span> <span class='ocrx_word' id='word_1_204' title='bbox 894 3585 969 3635; x_wconf 85' lang='lat' dir='ltr'>varie</span> <span class='ocrx_word' id='word_1_205' title='bbox 984 3585 1133 3634; x_wconf 80' lang='lat' dir='ltr'>trahebant.</span> <span class='ocrx_word' id='word_1_206' title='bbox 1150 3585 1216 3634; x_wconf 85' lang='lat' dir='ltr'>Nam</span> <span class='ocrx_word' id='word_1_207' title='bbox 1231 3599 1310 3648; x_wconf 85' lang='lat' dir='ltr'>saepe</span> <span class='ocrx_word' id='word_1_208' title='bbox 1326 3583 1432 3649; x_wconf 88' lang='lat' dir='ltr'>quidem</span> <span class='ocrx_word' id='word_1_209' title='bbox 1447 3584 1529 3634; x_wconf 81' lang='lat' dir='ltr'>verbo</span> 
     </span>
     <span class='ocr_line' id='line_1_28' title="bbox 332 3669 1528 3745; baseline -0.007 -19"><span class='ocrx_word' id='word_1_210' title='bbox 332 3676 458 3726; x_wconf 80' lang='lat' dir='ltr'>trahendi</span> <span class='ocrx_word' id='word_1_211' title='bbox 475 3675 579 3725; x_wconf 81' lang='lat' dir='ltr'>additur</span> <span class='ocrx_word' id='word_1_212' title='bbox 596 3673 704 3739; x_wconf 88' lang='lat' dir='ltr'>aliquod</span> <span class='ocrx_word' id='word_1_213' title='bbox 721 3673 921 3745; x_wconf 62' lang='lat' dir='ltr'>substantivum,</span> <span class='ocrx_word' id='word_1_214' title='bbox 939 3671 1011 3737; x_wconf 91' lang='lat' dir='ltr'>quod</span> <span class='ocrx_word' id='word_1_215' title='bbox 1029 3670 1239 3736; x_wconf 86' lang='lat' dir='ltr'>reprehensionis</span> <span class='ocrx_word' id='word_1_216' title='bbox 1259 3671 1311 3718; x_wconf 84' lang='lat' dir='ltr'>vim</span> <span class='ocrx_word' id='word_1_217' title='bbox 1329 3669 1433 3733; x_wconf 80' lang='lat' dir='ltr'>habeat,</span> <span class='ocrx_word' id='word_1_218' title='bbox 1452 3685 1528 3734; x_wconf 88' lang='lat' dir='ltr'>prae-</span> 
     </span>
     <span class='ocr_line' id='line_1_29' title="bbox 332 3756 1528 3827; baseline -0.007 -15"><span class='ocrx_word' id='word_1_219' title='bbox 332 3763 410 3812; x_wconf 88' lang='lat' dir='ltr'>missa</span> <span class='ocrx_word' id='word_1_220' title='bbox 434 3761 629 3827; x_wconf 82' lang='lat' dir='ltr'>praepositione</span> <span class='ocrx_word' id='word_1_221' title='bbox 654 3761 692 3810; x_wconf 90' lang='lat' dir='ltr'>ad</span> <span class='ocrx_word' id='word_1_222' title='bbox 714 3760 756 3810; x_wconf 86' lang='lat' dir='ltr'>vel</span> <span class='ocrx_word' id='word_1_223' title='bbox 780 3761 809 3808; x_wconf 86' lang='lat' dir='ltr'>in</span> <span class='ocrx_word' id='word_1_224' title='bbox 835 3775 857 3808; x_wconf 86' lang='lat' dir='ltr'>c.</span> <span class='ocrx_word' id='word_1_225' title='bbox 882 3759 1039 3823; x_wconf 81' lang='lat' dir='ltr'>accusativo,</span> <span class='ocrx_word' id='word_1_226' title='bbox 1064 3757 1097 3807; x_wconf 82' lang='lat' dir='ltr'>ad</span> <span class='ocrx_word' id='word_1_227' title='bbox 1121 3756 1320 3821; x_wconf 83' lang='lat' dir='ltr'>significandum</span> <span class='ocrx_word' id='word_1_228' title='bbox 1339 3756 1453 3821; x_wconf 84' lang='lat' dir='ltr'>aliquam</span> <span class='ocrx_word' id='word_1_229' title='bbox 1474 3771 1528 3804; x_wconf 86' lang='lat' dir='ltr'>rem</span> 
     </span>
     <span class='ocr_line' id='line_1_30' title="bbox 332 3848 564 3914; baseline 0 -17"><span class='ocrx_word' id='word_1_230' title='bbox 332 3848 484 3914; x_wconf 73' lang='lat' dir='ltr'>improbari,</span> <span class='ocrx_word' id='word_1_231' title='bbox 502 3864 525 3897; x_wconf 86' lang='lat' dir='ltr'>e.</span> <span class='ocrx_word' id='word_1_232' title='bbox 541 3863 564 3897; x_wconf 88' lang='lat' dir='ltr'>e.</span> 
     </span>
    </p>

    <p class='ocr_par' dir='ltr' id='par_1_7' title="bbox 387 3929 1147 4000">
     <span class='ocr_line' id='line_1_31' title="bbox 387 3929 1147 4000; baseline -0.009 -16"><span class='ocrx_word' id='word_1_233' title='bbox 387 3936 419 3984; x_wconf 87' lang='lat' dir='ltr'>A.</span> <span class='ocrx_word' id='word_1_234' title='bbox 438 3935 460 4000; x_wconf 78' lang='lat' dir='ltr'>l,</span> <span class='ocrx_word' id='word_1_235' title='bbox 479 3933 548 4000; x_wconf 81' lang='lat'>62,3</span> <span class='ocrx_word' id='word_1_236' title='bbox 567 3940 660 3984; x_wconf 80' lang='lat' dir='ltr'>cuncta</span> <span class='ocrx_word' id='word_1_237' title='bbox 679 3932 825 3983; x_wconf 87' lang='lat' dir='ltr'>Germanici</span> <span class='ocrx_word' id='word_1_238' title='bbox 845 3931 874 3980; x_wconf 86' lang='lat' dir='ltr'>in</span> <span class='ocrx_word' id='word_1_239' title='bbox 893 3931 1008 3980; x_wconf 84' lang='lat' dir='ltr'>deterius</span> <span class='ocrx_word' id='word_1_240' title='bbox 1027 3929 1147 3979; x_wconf 78' lang='lat' dir='ltr'>trahenti</span> 
     </span>
    </p>

    <p class='ocr_par' dir='ltr' id='par_1_8' title="bbox 410 4017 1046 4173">
     <span class='ocr_line' id='line_1_32' title="bbox 410 4017 1046 4086; baseline -0.008 -16"><span class='ocrx_word' id='word_1_241' title='bbox 410 4023 460 4086; x_wconf 86' lang='lat'>111,</span> <span class='ocrx_word' id='word_1_242' title='bbox 481 4019 549 4085; x_wconf 86' lang='lat'>22,6</span> <span class='ocrx_word' id='word_1_243' title='bbox 569 4019 677 4085; x_wconf 87' lang='lat' dir='ltr'>quidam</span> <span class='ocrx_word' id='word_1_244' title='bbox 695 4021 733 4068; x_wconf 87' lang='lat' dir='ltr'>ad</span> <span class='ocrx_word' id='word_1_245' title='bbox 748 4019 885 4068; x_wconf 80' lang='lat' dir='ltr'>saevitiam</span> <span class='ocrx_word' id='word_1_246' title='bbox 905 4017 1046 4067; x_wconf 78' lang='lat' dir='ltr'>trahebant</span> 
     </span>
     <span class='ocr_line' id='line_1_33' title="bbox 413 4105 1002 4173; baseline -0.005 -17"><span class='ocrx_word' id='word_1_247' title='bbox 413 4109 459 4173; x_wconf 84' lang='lat' dir='ltr'>lv,</span> <span class='ocrx_word' id='word_1_248' title='bbox 478 4105 545 4170; x_wconf 77' lang='lat'>64,1</span> <span class='ocrx_word' id='word_1_249' title='bbox 567 4105 673 4155; x_wconf 79' lang='lat' dir='ltr'>fortuita</span> <span class='ocrx_word' id='word_1_250' title='bbox 691 4106 729 4154; x_wconf 86' lang='lat' dir='ltr'>ad</span> <span class='ocrx_word' id='word_1_251' title='bbox 743 4107 846 4172; x_wconf 84' lang='lat' dir='ltr'>culpam</span> <span class='ocrx_word' id='word_1_252' title='bbox 867 4105 1002 4154; x_wconf 75' lang='lat' dir='ltr'>trahentes</span> 
     </span>
    </p>

    <p class='ocr_par' dir='ltr' id='par_1_9' title="bbox 368 4189 1172 4258">
     <span class='ocr_line' id='line_1_34' title="bbox 368 4189 1172 4258; baseline -0.007 -14"><span class='ocrx_word' id='word_1_253' title='bbox 368 4195 404 4244; x_wconf 87' lang='lat' dir='ltr'>H.</span> <span class='ocrx_word' id='word_1_254' title='bbox 424 4195 460 4258; x_wconf 79' lang='lat'>11,</span> <span class='ocrx_word' id='word_1_255' title='bbox 480 4203 545 4256; x_wconf 86' lang='lat'>20,1</span> <span class='ocrx_word' id='word_1_256' title='bbox 567 4199 686 4240; x_wconf 87' lang='lat' dir='ltr'>ornatum</span> <span class='ocrx_word' id='word_1_257' title='bbox 705 4193 787 4257; x_wconf 90' lang='lat' dir='ltr'>ipsius</span> <span class='ocrx_word' id='word_1_258' title='bbox 806 4191 1001 4257; x_wconf 72' lang='lat' dir='ltr'>insuperatam</span> <span class='ocrx_word' id='word_1_259' title='bbox 1024 4189 1172 4239; x_wconf 80' lang='lat' dir='ltr'>trahebant.</span> 
     </span>
    </p>

    <p class='ocr_par' dir='ltr' id='par_1_10' title="bbox 332 4274 1529 4500">
     <span class='ocr_line' id='line_1_35' title="bbox 332 4274 1529 4342; baseline -0.003 -12"><span class='ocrx_word' id='word_1_260' title='bbox 332 4281 432 4331; x_wconf 90' lang='lat' dir='ltr'>Ideone</span> <span class='ocrx_word' id='word_1_261' title='bbox 456 4277 534 4326; x_wconf 83' lang='lat' dir='ltr'>etiam</span> <span class='ocrx_word' id='word_1_262' title='bbox 558 4277 632 4326; x_wconf 83' lang='lat' dir='ltr'>varie</span> <span class='ocrx_word' id='word_1_263' title='bbox 657 4279 762 4328; x_wconf 75' lang='lat' dir='ltr'>trabere</span> <span class='ocrx_word' id='word_1_264' title='bbox 786 4279 876 4329; x_wconf 90' lang='lat' dir='ltr'>licebit</span> <span class='ocrx_word' id='word_1_265' title='bbox 900 4278 986 4328; x_wconf 90' lang='lat' dir='ltr'>dicere</span> <span class='ocrx_word' id='word_1_266' title='bbox 1011 4283 1089 4342; x_wconf 87' lang='lat' dir='ltr'>atque</span> <span class='ocrx_word' id='word_1_267' title='bbox 1110 4274 1173 4324; x_wconf 91' lang='lat' dir='ltr'>inde</span> <span class='ocrx_word' id='word_1_268' title='bbox 1192 4274 1350 4340; x_wconf 86' lang='lat' dir='ltr'>suspendere</span> <span class='ocrx_word' id='word_1_269' title='bbox 1369 4276 1529 4326; x_wconf 83' lang='lat' dir='ltr'>sententiam</span> 
     </span>
     <span class='ocr_line' id='line_1_36' title="bbox 333 4360 1529 4428; baseline -0.004 -13"><span class='ocrx_word' id='word_1_270' title='bbox 333 4363 560 4428; x_wconf 80' lang='lat' dir='ltr'>interrogativam?</span> <span class='ocrx_word' id='word_1_271' title='bbox 585 4363 647 4411; x_wconf 92' lang='lat' dir='ltr'>Non</span> <span class='ocrx_word' id='word_1_272' title='bbox 671 4365 773 4428; x_wconf 91' lang='lat' dir='ltr'>opinor.</span> <span class='ocrx_word' id='word_1_273' title='bbox 794 4365 845 4415; x_wconf 87' lang='lat' dir='ltr'>Sed</span> <span class='ocrx_word' id='word_1_274' title='bbox 865 4381 905 4414; x_wconf 89' lang='lat' dir='ltr'>res</span> <span class='ocrx_word' id='word_1_275' title='bbox 925 4363 1001 4413; x_wconf 88' lang='lat' dir='ltr'>nobis</span> <span class='ocrx_word' id='word_1_276' title='bbox 1020 4371 1060 4412; x_wconf 91' lang='lat' dir='ltr'>est</span> <span class='ocrx_word' id='word_1_277' title='bbox 1077 4377 1135 4410; x_wconf 91' lang='lat' dir='ltr'>cnm</span> <span class='ocrx_word' id='word_1_278' title='bbox 1154 4360 1186 4408; x_wconf 89' lang='lat' dir='ltr'>iis</span> <span class='ocrx_word' id='word_1_279' title='bbox 1206 4363 1282 4410; x_wconf 89' lang='lat' dir='ltr'>rebus</span> <span class='ocrx_word' id='word_1_280' title='bbox 1300 4377 1365 4427; x_wconf 91' lang='lat' dir='ltr'>quas</span> <span class='ocrx_word' id='word_1_281' title='bbox 1384 4361 1452 4411; x_wconf 84' lang='lat' dir='ltr'>lama</span> <span class='ocrx_word' id='word_1_282' title='bbox 1471 4370 1529 4411; x_wconf 83' lang='lat' dir='ltr'>tra·</span> 
     </span>
     <span class='ocr_line' id='line_1_37' title="bbox 335 4449 720 4500; baseline 0 0"><span class='ocrx_word' id='word_1_283' title='bbox 335 4452 411 4500; x_wconf 83' lang='lat' dir='ltr'>debat</span> <span class='ocrx_word' id='word_1_284' title='bbox 428 4457 454 4498; x_wconf 88' lang='lat' dir='ltr'>et</span> <span class='ocrx_word' id='word_1_285' title='bbox 474 4464 559 4498; x_wconf 92' lang='lat' dir='ltr'>rumor</span> <span class='ocrx_word' id='word_1_286' title='bbox 577 4449 720 4500; x_wconf 90' lang='lat' dir='ltr'>hominum.</span> 
     </span>
    </p>
   </div>
   <div class='ocr_carea' id='block_1_7' title="bbox 0 0 1639 5238">
    <p class='ocr_par' dir='ltr' id='par_1_11' title="bbox 0 0 1639 5238">
     <span class='ocr_line' id='line_1_38' title="bbox 0 0 1639 5238; baseline 0 0"><span class='ocrx_word' id='word_1_287' title='bbox 0 0 1639 5238; x_wconf 95' lang='lat' dir='ltr'> </span> 
     </span>
    </p>
   </div>
  </div>
 </body>
</html>
