3228 5236
648 433 706 499 ι53

127 597 218 662 Saxa
237 610 270 662 et
286 598 504 663 solitudinem.
526 599 579 661 De
599 577 715 682 Gyaio
736 599 790 662 vel
810 599 1023 673 Pandateria,
1043 597 1152 662 aliave
1165 597 1272 662 insula

89 719 116 778 in
139 737 240 798 quam
265 717 376 779 miseri
398 717 514 780 exules
538 718 756 793 eiciebantur,
781 738 973 781 sermonem
997 738 1069 781 esse
1090 726 1198 800 putes.
1221 718 1272 780 De

88 837 219 919 Capreis
241 839 362 919 agitur,
387 838 509 919 quibus
533 838 661 902 nullum
686 839 916 902 amoeniorem
941 859 1013 901 esse
1033 838 1144 902 locum
1166 838 1273 921 probe

88 958 209 1020 sciebat
233 957 381 1021 Tacitus.
408 958 463 1023 Sic
487 959 577 1022 enim
603 960 673 1021 eius
697 960 798 1021 situm
823 957 984 1022 describit
1007 958 1068 1032 IV,
1093 957 1153 1040 67:

130 1077 240 1158 „Caeli
272 1078 454 1160 temperies
486 1077 597 1140 hieme
629 1078 719 1140 mitis
752 1078 888 1140 obiectu
921 1078 1056 1152 montis,
1081 1097 1149 1158 quo
1172 1097 1275 1140 saeva

88 1205 259 1260 ventorum
283 1205 457 1274 arcentur;
479 1205 589 1260 aestas
609 1198 643 1259 in
664 1195 835 1260 favonium
857 1197 1002 1260 obversa
1021 1203 1056 1258 et
1074 1204 1194 1278 aperto
1212 1195 1274 1259 cir·

89 1338 159 1380 cum
179 1316 301 1400 pelago
317 1300 540 1399 peramoena;
555 1316 865 1399 prospectabatque
878 1315 1140 1398 pulcherrimum
1153 1315 1272 1390 sinum,

90 1447 265 1519 antequam
291 1437 460 1500 Vesuvius
485 1457 582 1500 mons
605 1437 786 1500 ardescens
809 1436 930 1500 faciem
953 1435 1018 1499 loci
1043 1432 1222 1498 verteret.”

132 1557 239 1640 Quare
272 1578 353 1640 ergo
385 1558 439 1621 hic
470 1558 513 1621 de
545 1556 684 1640 Capreis
714 1559 761 1621 ita
786 1557 934 1639 loquitur
957 1566 1132 1638 tamquam
1156 1557 1183 1618 si
1208 1557 1273 1619 iam

89 1687 157 1740 turn
184 1678 304 1758 „iacies
328 1677 392 1740 loci
418 1697 514 1740 versa
538 1676 662 1741 esset”?
687 1677 824 1742 Scilicet
848 1685 885 1740 ut
905 1676 1042 1740 Tiberio
1067 1675 1275 1756 „secretum”

87 1801 267 1880 assignaret
303 1807 461 1874 taetrum,
497 1815 664 1881 asperum,
700 1799 917 1873 horrendum,
955 1818 997 1860 ne
1032 1797 1106 1880 ipso
1136 1797 1275 1878 quidem

90 1919 282 1982 Domitiano
310 1921 497 2002 indignum.
522 1919 701 2001 Additque
726 1918 812 1982 hanc
836 1937 972 1981 causam
997 1937 1055 1980 cur
1078 1917 1276 1980 inamoenos

89 2039 159 2102 illos
182 2041 357 2124 repetierit
380 2041 474 2104 locos
498 2039 669 2104 Tiberius:

135 2162 279 2242 ,pudore
303 2160 467 2224 scelerum
492 2169 527 2224 et
550 2158 761 2225 libidinum.'’

91 2281 213 2344 Verum
237 2282 263 2344 si
289 2283 475 2364 quidquam
500 2283 543 2346 de
568 2267 727 2346 inauditis
751 2280 878 2344 Tiberii
903 2280 992 2343 senis
1015 2279 1184 2343 credimus
1204 2277 1277 2340 libi·

94 2402 223 2466 dinibus
242 2439 286 2448 —
307 2423 386 2466 nam
408 2403 488 2466 mihi
510 2404 552 2467 de
575 2403 679 2467 nihilo
700 2403 799 2466 fictae
820 2423 880 2465 eae
901 2402 1060 2465 videntur
1079 2437 1122 2447 -
1142 2401 1279 2464 minime

94 2529 128 2583 ut
151 2521 222 2586 illas
245 2523 472 2586 absconderet
495 2523 592 2586 dedit
614 2543 765 2604 operam.
790 2522 945 2586 Etenim:

138 2643 338 2724 „praepositi
362 2643 461 2718 servi,
483 2643 540 2724 qui
560 2641 702 2725 (prolem
723 2640 917 2724 ingenuam)
937 2639 1186 2720 conquirerent,
1200 2651 1279 2722 per-

91 2761 267 2838 traherent,
301 2765 392 2826 dona
424 2763 457 2826 in
490 2770 678 2846 promptos,
707 2763 814 2825 minas
837 2763 998 2824 adversus
1022 2759 1219 2834 abnuentes,
1245 2767 1279 2822 et

90 2880 116 2942 si
140 2883 321 2946 retinerent
351 2883 562 2966 propinquus
585 2891 643 2944 aut
669 2901 801 2965 parens,
826 2881 905 2956 vim,
931 2887 1046 2962 raptus
1065 2899 1193 2960 suaque
1214 2879 1277 2961 ipsi

90 2998 182 3063 libita
204 3001 297 3064 velut
321 3002 353 3064 in
379 3010 498 3084 captos
522 3001 762 3065 exercebant.'’
794 3031 795 3034 ¹

136 3121 185 3184 De
214 3121 386 3204 praeclara
417 3121 544 3185 Tiberii
577 3119 731 3203 epistola,
756 3141 823 3202 qua
846 3119 992 3202 Togonii
1017 3118 1104 3182 Galli
1129 3118 1279 3181 abiectas

91 3242 214 3322 respuit
246 3241 469 3317 adulationes,
502 3242 568 3304 iam
600 3241 746 3304 vidimus
770 3249 804 3304 et
828 3240 1003 3322 quomodo
1027 3239 1118 3302 illam
1143 3259 1279 3321 quoque

92 3360 125 3421 in
156 3363 248 3443 peius
280 3361 476 3424 detorsisset
507 3361 646 3424 Tacitus
677 3361 942 3424 observavimus.
972 3360 1087 3425 Unum
1112 3360 1219 3422 addo:
1245 3360 1279 3422 in

92 3479 158 3543 fine
179 3483 330 3545 eiusdem
356 3481 476 3564 capitis
500 3481 572 3564 (VI,
600 3482 630 3563 2)
655 3481 739 3544 haec
762 3480 923 3562 legimus:

141 3601 249 3679 ,Haec
284 3601 446 3664 adversus
480 3597 672 3682 Togonium
709 3600 821 3663 verbis
853 3599 1041 3670 moderans,
1074 3616 1160 3658 neve
1191 3594 1278 3658 ultra

87 3719 307 3785 abolitionem
338 3721 528 3784 sententiae
559 3719 750 3784 suaderet.'’
776 3719 866 3800 Ergo
891 3718 923 3780 in
948 3725 1024 3779 acta
1048 3714 1162 3778 referri
1186 3713 1276 3776 illam

86 3842 289 3905 sententiam
321 3841 476 3905 Tiberius
507 3841 625 3904 vetuit.
659 3839 760 3903 Haud
794 3837 913 3901 iniuria
946 3855 1033 3898 nunc
1066 3835 1123 3916 qui
1155 3833 1276 3897 Tacito

85 3959 297 4024 innotescere
319 3961 473 4043 potuerit'
486 3981 654 4042 rogamus.
675 3959 742 4024 Sed
764 3959 828 4020 hoc
848 3957 963 4032 mitto;
978 3955 1021 4018 ad
1035 3952 1135 4018 aliam
1148 3953 1275 4018 Tiberii

85 4091 220 4143 transeo
239 4080 430 4163 epistolam,
452 4101 519 4142 non
541 4081 651 4144 minus
671 4078 851 4162 egregiam.
866 4077 927 4152 VI,
944 4091 972 4158 5.
986 4076 1025 4138 In
1038 4074 1174 4139 Cottam
1189 4075 1277 4136 Mes·

85 4200 228 4263 salinum
250 4195 353 4262 omne¹
372 4199 549 4262 criminum
567 4198 735 4282 profertur
746 4217 861 4280 genus,
876 4197 977 4260 etiam
993 4196 1085 4259 dicta
1097 4196 1176 4268 eius,
1191 4213 1277 4275 quae

87 4321 178 4381 inter
197 4318 316 4400 pocula
334 4325 557 4400 prompserat,
571 4325 771 4398 arguuntur;
786 4316 819 4379 in
833 4317 897 4380 hoc
912 4314 1061 4398 periculo
1075 4335 1149 4377 reus
1161 4313 1204 4376 ad
1218 4313 1277 4375 irn-

86 4447 279 4522 peratorem
304 4447 479 4520 provocat.
503 4435 569 4518 Qui
594 4438 779 4518 prudenter
799 4437 1052 4515 moderateque,
1073 4441 1109 4496 ut
1128 4430 1276 4496 solebat:
