3258 5240
922 1481 966 1545 V.

396 1706 453 1770 Ad
477 1707 558 1770 illud
583 1707 693 1770 Taciti
717 1708 820 1771 redeo
843 1708 963 1771 vitium
988 1709 1031 1770 de
1055 1727 1124 1790 quo
1148 1709 1181 1770 in
1207 1706 1366 1770 Sectione
1387 1705 1436 1767 111
1459 1705 1541 1766 dixi.

353 1826 442 1889 Nam
474 1847 541 1889 non
573 1826 692 1901 solum,
725 1827 782 1889 ubi
802 1827 845 1889 de
870 1826 1041 1890 veneficiis
1065 1827 1144 1908 agit,
1169 1825 1273 1888 habet
1296 1824 1424 1906 aliquid
1449 1825 1541 1906 quod

353 1946 540 2028 displiceat,
575 1947 635 2009 sed
668 1966 785 2009 omnes
816 1946 887 2008 eius
919 1946 1128 2010 narrationes
1159 1945 1201 2008 de
1230 1945 1322 2007 omni
1347 1944 1542 2005 insidiarum

352 2085 487 2146 genere,
508 2073 683 2147 praeterea
703 2065 745 2127 de
767 2063 994 2129 delationibus
1014 2063 1268 2145 calumniisque,
1289 2064 1331 2126 de
1350 2063 1545 2126 hominibus

354 2184 437 2248 falsa
467 2184 531 2246 sibi
560 2185 808 2248 assumentibus
838 2185 976 2248 nomina
1006 2193 1040 2248 et
1073 2183 1238 2265 quidquid
1267 2203 1311 2245 ex
1334 2182 1391 2245 illo
1415 2191 1465 2244 est
1491 2201 1546 2243 co·

353 2314 501 2387 gnatove
526 2325 660 2386 genere,
685 2303 826 2367 sortasse
853 2305 1038 2386 legentium
1062 2305 1193 2367 animos
1212 2302 1434 2365 vehementer
1453 2321 1546 2363 com-

354 2433 533 2488 moverunt
568 2423 777 2505 firmiterque
813 2423 1042 2499 detinuerunt,
1078 2423 1137 2486 sed
1175 2441 1236 2484 nos
1271 2440 1373 2502 saepe
1409 2420 1455 2482 ibi
1493 2419 1545 2482 vel

352 2544 630 2626 perspicuitatem
654 2542 895 2618 desideramus,
921 2542 974 2605 vel
999 2562 1109 2606 rerum
1134 2549 1343 2604 narratarum
1368 2539 1547 2602 rationem.

353 2661 432 2726 Alia
452 2671 530 2725 sunt
550 2661 770 2737 incredibilia,
792 2659 856 2723 alia
877 2661 1031 2737 obscura,
1051 2661 1198 2742 denique
1217 2680 1319 2742 saepe
1339 2658 1546 2740 nobisipsis,

353 2782 478 2844 omisso
501 2779 633 2856 Tacit0,
659 2781 880 2844 divinandum
905 2789 956 2844 est
979 2781 1060 2863 quid
1086 2801 1204 2843 revera
1226 2780 1353 2843 factum
1376 2781 1429 2842 sit.

400 2901 548 2962 Primum
573 2900 825 2963 consideremus
847 2921 935 2982 quae
959 2899 1052 2962 Ann.
1076 2898 1154 2974 XV,
1181 2914 1223 2979 50
1246 2900 1289 2961 de
1313 2899 1547 2962 coniuratione

358 3019 536 3082 Pisoniana
555 3019 726 3100 leguntur:
747 3019 794 3081 sic
814 3018 1010 3082 facillimum
1031 3018 1112 3080 mihi
1133 3019 1312 3081 transitum
1332 3038 1426 3100 paro.
1449 3017 1547 3080 Pote-

357 3147 432 3203 rant
462 3139 551 3202 enim
584 3159 670 3220 quae
703 3140 745 3201 de
777 3137 833 3201 illa
864 3139 1014 3202 dicturus
1044 3158 1119 3200 sum
1143 3139 1245 3200 etiam
1271 3138 1304 3200 in
1328 3137 1548 3220 praecedenti

356 3259 468 3341 capite
495 3258 643 3333 tractari,
668 3257 839 3339 quoniam,
865 3257 892 3320 si
916 3258 997 3338 quid
1023 3257 1135 3333 video,
1159 3258 1214 3320 hic
1238 3276 1375 3339 quoque
1398 3265 1472 3319 tota
1496 3276 1549 3318 res

357 3378 390 3440 in
416 3398 483 3441 uno
508 3386 660 3441 versatur
684 3376 862 3440 vocabulo.

402 3497 585 3579 Postquam
610 3497 667 3578 qui
691 3495 815 3559 fuerint
839 3494 969 3559 consilii
994 3506 1148 3560 auctores
1172 3505 1206 3560 et
1231 3497 1313 3579 quid
1337 3494 1383 3558 illi
1404 3496 1493 3559 inter
1513 3515 1550 3558 se

355 3615 423 3679 sint
450 3615 610 3678 collocuti
634 3615 792 3690 narravit,
817 3623 869 3678 sat
893 3614 1029 3697 longam
1054 3625 1230 3678 enumerat
1252 3616 1374 3679 seriem
1399 3615 1549 3678 virorum

356 3755 442 3817 quos
467 3734 531 3797 sibi
556 3754 798 3816 aggregavera:
824 3733 1059 3808 Senecionem,
1085 3735 1254 3810 Natalem,
1278 3734 1377 3810 alios;
1401 3742 1475 3797 tum
1501 3734 1550 3796 sic

357 3855 483 3937 pergit:

401 3973 455 4035 Ex
479 3972 602 4054 quibus
626 3971 779 4048 Senecio,
804 3993 822 4036 e
847 3973 1029 4055 praecipua
1048 3972 1275 4037 familiaritate
1296 3974 1451 4049 Neronis,
1473 3994 1551 4057 spe·

357 4092 443 4156 ciem
467 4091 636 4155 amicitiae
661 4093 764 4155 etiarn
788 4101 860 4154 tum
886 4093 1034 4155 retinens
1059 4113 1100 4155 eo
1120 4092 1271 4176 pluribus
1292 4093 1448 4176 periculis
1469 4113 1552 4156 con·
1613 4063 1614 4094 ¹

357 4211 566 4287 dictabatur3
592 4211 723 4274 Natalis
747 4213 916 4294 particeps
940 4212 983 4274 ad
1008 4232 1109 4274 omne
1133 4221 1300 4276 secretum
1326 4212 1438 4275 Pisoni
1459 4223 1551 4289 erat;

358 4331 479 4394 ceteris
502 4351 580 4414 spes
603 4351 646 4393 ex
671 4331 767 4394 novis
792 4331 892 4393 rebus
915 4331 1107 4412 petebatur.
1613 4337 1614 4424 l

403 4450 454 4513 De
485 4449 593 4514 causis
623 4450 678 4514 hic
710 4458 863 4513 narratur
890 4470 977 4532 quae
1001 4459 1071 4513 tam
1097 4450 1275 4514 Senecioni
1300 4471 1402 4533 quam
1426 4455 1554 4517 ceteris
