3266 5238
700 1481 743 1545 X.

168 1707 242 1769 Iam
267 1708 300 1770 in
325 1709 544 1790 praecedenti
569 1709 681 1791 capite
702 1729 805 1771 unum
825 1717 860 1772 et
879 1709 1022 1773 alterum
1042 1707 1186 1771 tractavi
1206 1705 1317 1770 locum

119 1825 181 1908 (A.
212 1826 274 1903 lV,
303 1828 363 1907 483
394 1827 438 1890 H.
470 1823 531 1903 ΙΙΙ,
557 1845 596 1910 23
622 1836 657 1891 et
682 1830 746 1910 25),
778 1828 836 1891 ubi
868 1831 911 1892 ad
943 1828 1167 1892 obtinendum
1199 1847 1317 1890 sanum

117 1967 270 2021 sensum,
301 1949 359 2028 qui
388 1947 519 2010 latebat
550 1948 664 2023 etiam,
695 1949 776 2010 satis
809 1956 881 2011 erat
912 1947 978 2011 alia
1009 1948 1057 2010 uti
1089 1947 1317 2010 distinctione.

119 2065 224 2128 Nunc
248 2065 418 2149 paulisper
441 2067 475 2129 in
500 2067 622 2130 eodem
645 2086 770 2148 genere
791 2067 983 2142 subsistam,
1003 2075 1038 2130 et
1057 2067 1319 2149 transponendis

118 2185 263 2268 virgulis
284 2185 401 2250 aliisve
425 2187 699 2250 distinctionibus
723 2187 832 2250 lucem
853 2186 972 2249 afferre
992 2185 1143 2250 conabor
1163 2186 1245 2249 locis
1266 2185 1318 2248 vel

120 2305 278 2369 obscuris
299 2305 352 2369 vel
373 2326 471 2370 sensu
492 2306 610 2382 cassis;
632 2305 832 2389 plerumque
851 2314 966 2369 tamen
985 2304 1051 2368 leni
1071 2306 1133 2368 hac
1151 2305 1320 2369 medicina

91 2429 195 2487 ‘non
226 2425 338 2507 gravis
368 2425 490 2508 aliquis
520 2425 658 2488 tolletur
687 2424 834 2500 morbus,
859 2425 919 2488 sed
943 2425 1102 2488 Taciteus
1126 2426 1320 2488 restituetur

119 2543 220 2607 color
243 2545 430 2626 solitusque
453 2544 614 2607 Taciteae
638 2544 731 2607 vocis
755 2564 866 2607 sonus.

169 2663 262 2727 Ann.
287 2664 348 2740 XI,
377 2679 425 2746 15.
451 2663 610 2746 Queritur
634 2663 794 2728 Claudius
818 2665 909 2746 quod
933 2663 1122 2746 negligatur
1145 2684 1198 2726 ars
1221 2664 1318 2727 haru-

118 2785 266 2868 spicina,
291 2804 378 2865 quae
401 2804 503 2866 saepe
528 2782 735 2866 reipublicae
759 2791 940 2866 tantopere
961 2781 1140 2865 profuerit;

171 2903 238 2984 ,Et
262 2901 350 2966 laeta
374 2904 513 2985 quidem
533 2904 567 2967 in
588 2923 748 2986 praesens
768 2903 892 2978 omnia,
913 2904 973 2965 sed
994 2902 1196 2985 benignitati
1218 2905 1318 2967 deum

118 3024 269 3106 gratiam
301 3023 523 3099 referendam,
555 3043 597 3086 ne
628 3023 711 3085 ritus
740 3043 912 3104 sacrorum
941 3023 1029 3085 inter
1055 3024 1214 3106 ambigua
1238 3025 1319 3088 culti

120 3162 187 3226 per
212 3161 374 3224 prospera
398 3140 707 3205 oblitterarentur”.

169 3261 382 3326 Structuram
412 3263 593 3325 verborum
621 3261 808 3325 admodum
833 3261 1033 3344 impeditam
1057 3264 1104 3327 sic
1128 3263 1320 3347 supplendo

118 3381 275 3465 explicat
296 3381 541 3465 Nipperdeius:
568 3381 728 3462 ,gratiam
749 3379 960 3443 referendam
982 3381 1225 3464 (impediendo)
1245 3381 1319 3446 ne’'.

120 3503 196 3568 Sed
221 3503 295 3584 quis
319 3521 470 3584 unquam
494 3501 660 3564 eiusmodi
683 3499 811 3582 aliquid
837 3500 964 3563 omittit
988 3509 1023 3562 et
1042 3502 1188 3563 acumini
1208 3500 1321 3583 legen·

118 3624 212 3687 tium
252 3621 493 3686 inveniendum
532 3618 714 3702 relinquit?
749 3618 840 3701 Quid
875 3620 967 3701 quod
1004 3639 1046 3681 ne
1081 3620 1320 3702 supplemento

120 3743 268 3826 quidem
291 3739 349 3804 illo
374 3741 521 3804 nascitur
543 3739 671 3822 aliquid
696 3739 788 3821 quod
809 3757 943 3800 sensum
964 3736 1126 3819 praebeat
1146 3737 1224 3800 huic
1244 3737 1320 3801 loco

120 3863 300 3926 idoneum.
337 3857 393 3925 Sic
428 3861 517 3923 enim
554 3859 635 3923 illud
672 3857 930 3921 ratiocinantem
962 3857 1092 3919 inducit
1124 3856 1320 3922 Claudium:

122 4001 239 4064 „nunc
263 3981 402 4063 quidem
426 3981 515 4043 laeta
538 3987 617 4042 sunt
641 3977 755 4040 ornnia
779 3977 854 4057 (nec
878 3974 1093 4058 haruspicina
1118 3977 1216 4039 nobis
1237 3997 1324 4060 opus
1439 4013 1442 4020 ·

118 4103 201 4184 est),
225 4103 285 4165 sed
304 4100 368 4162 diis
391 4100 515 4182 gratias
539 4097 722 4161 referamus
746 4095 901 4158 cavendo
926 4115 967 4158 ne
989 4095 1203 4178 haruspicina
1223 4096 1322 4159 oblit-

117 4219 287 4287 teretur”.
315 4219 424 4283 Multo
447 4219 581 4292 rectius,
607 4224 645 4279 ut
669 4215 801 4298 opinor,
826 4213 890 4276 hoc
911 4214 1015 4278 soret:
1040 4216 1211 4296 ,quoniam
1233 4235 1323 4278 nunc

119 4341 340 4424 benignitate
372 4340 513 4403 deorum
546 4335 760 4419 haruspicina
791 4333 889 4397 nobis
921 4355 1005 4416 opus
1040 4355 1107 4399 non
1139 4343 1201 4410 est,
1233 4347 1324 4399 tanto

117 4461 235 4546 magis
265 4478 411 4544 aequum
441 4466 492 4522 est
523 4475 584 4522 nos
611 4453 737 4538 gratias
761 4451 801 4517 iis
825 4451 948 4519 referre
972 4456 1127 4519 cavendo
1153 4475 1191 4517 e..
1206 4474 1240 4539 q.
1266 4452 1324 4516 s.”.
