3228 5236
911 434 970 496 188

388 615 432 694 (v.
456 612 559 675 libelli
581 613 674 675 citati
695 634 728 695 p.
752 617 792 694 3).
823 613 922 676 Nunc
942 613 1008 676 alia
1027 633 1095 676 non
1117 611 1227 675 minus
1246 612 1390 694 insignia
1409 613 1539 675 addam

343 731 510 814 exempla.

388 851 427 915 In
460 852 607 916 Mediceo
637 871 718 935 ergo
746 853 863 935 priore
886 851 929 914 A.
956 851 999 927 V,
1024 870 1046 933 9
1069 850 1135 914 hoc
1159 850 1342 914 habemus:
1369 851 1424 933 (ad
1449 870 1541 913 mor-

344 979 415 1034 tem
440 971 604 1053 agebatur
627 968 739 1034 Seiani
765 969 868 1033 filiola
890 973 978 1034 adeo
1004 971 1128 1052 nescia)

393 1098 448 1170 ,ut
466 1090 586 1153 crebro
606 1091 839 1173 interrogaret,
857 1091 949 1172 quod
969 1091 1014 1153 ob
1032 1089 1195 1153 delictum
1208 1097 1242 1152 et
1255 1108 1324 1170 quo
1336 1088 1540 1164 traheretur,

348 1229 459 1290 neque
480 1208 644 1272 iacturam
666 1209 752 1272 ultra
771 1217 805 1272 et
827 1230 926 1292 posse
946 1229 981 1272 se
996 1209 1176 1292 puerilimo
1196 1208 1337 1272 verbere
1358 1208 1539 1271 mouerit.”

389 1328 510 1390 Errare
540 1328 699 1403 editores,
732 1329 789 1409 qui
820 1327 952 1409 syllaba
975 1349 1027 1390 mo
1051 1327 1197 1391 delenda
1220 1328 1253 1390 in
1277 1327 1446 1410 integrum
1470 1328 1537 1391 sibi

342 1446 454 1508 locum
476 1447 651 1510 restituere
674 1448 862 1522 videantur,
885 1448 918 1510 in
939 1469 991 1510 mo
1010 1446 1101 1510 enim
1121 1445 1227 1510 latere
1247 1446 1340 1509 modo
1357 1429 1428 1528 (tir),
1440 1448 1535 1528 quod

342 1564 423 1629 olim
443 1565 611 1630 vocabulo
630 1567 766 1630 verbere
784 1567 884 1630 suerit
903 1566 1115 1642 illustratum,
1137 1575 1237 1630 antea
1257 1567 1488 1630 demonstravi
1503 1564 1535 1648 ¹).

344 1683 519 1749 Habemus
554 1706 635 1769 ergo
670 1685 725 1749 hic
760 1686 970 1751 aberrantem
1006 1687 1109 1750 etiam
1145 1685 1413 1760 annotationem,
1447 1706 1538 1767 quae

344 1805 495 1868 nondum
519 1813 647 1870 certam
672 1806 705 1868 in
729 1814 827 1869 textu
851 1808 968 1869 sedem
989 1804 1166 1868 invenerit.
1188 1803 1223 1869 Si
1245 1824 1312 1867 non
1333 1804 1376 1867 ab
1397 1805 1542 1868 homine

343 1925 427 2000 rudi,
460 1928 519 1989 sed
553 1945 572 1988 a
603 1926 739 1990 librario
770 1927 970 2001 semidocto,
1002 1925 1088 1989 liber
1115 1925 1171 1988 hic
1195 1924 1384 2006 descriptus
1408 1923 1540 1998 suisset,

343 2066 420 2108 cum
444 2045 540 2108 litera
564 2057 588 2120 t,
609 2065 706 2127 quae,
727 2067 745 2109 e
767 2046 998 2129 dittographia
1019 2053 1108 2120 nata,
1132 2045 1344 2108 nuncetiam
1367 2044 1541 2107 vocabulo

346 2165 473 2227 moneri
503 2163 676 2239 adhaeret,
708 2165 811 2228 etiam
843 2165 974 2246 syllaba
1006 2186 1058 2228 mo
1090 2163 1206 2227 luisset
1239 2164 1371 2238 omissa,
1405 2183 1541 2246 nosque

343 2291 438 2346 certo
463 2284 677 2347 emblematis
700 2304 891 2347 careremus
914 2284 1050 2347 indicio.

387 2402 431 2465 A.
453 2403 514 2479 III,
540 2419 588 2466 12.
613 2404 671 2484 ,ld
692 2401 822 2466 solum''
837 2402 975 2486 (Tiberii
997 2411 1074 2466 sunt
1095 2403 1209 2478 verba,
1230 2403 1353 2484 quibus
1364 2404 1407 2465 de
1421 2413 1538 2465 morte

343 2521 534 2586 Germanici
570 2542 605 2585 se
641 2523 856 2605 cogniturum
893 2524 1006 2606 negat)
1046 2521 1269 2603 ,Germanico
1304 2541 1405 2606 super
1438 2521 1537 2604 leges

341 2642 618 2725 praestiterimus,
650 2644 742 2724 quod
772 2644 805 2706 in
829 2643 921 2706 curia
946 2644 1184 2725 potiusquam
1209 2644 1242 2706 in
1267 2642 1349 2717 loro,
1373 2650 1457 2725 aput
1480 2663 1537 2705 se-

341 2772 457 2826 natum
481 2781 584 2844 quam
608 2769 690 2844 aput
714 2761 852 2836 iudices,
878 2763 921 2826 de
945 2771 1053 2825 morte
1078 2762 1149 2825 eius
1172 2761 1391 2844 anquiritur.”

387 2881 559 2946 Haeccine
580 2881 613 2944 in
635 2880 756 2944 Tacito
776 2880 911 2944 tolerari
932 2882 1045 2955 etiam,
1068 2901 1178 2963 neque
1199 2901 1406 2963 quemquam
1418 2881 1536 2944 adhuc

340 3001 572 3065 observavisse
593 3000 645 3064 bis
664 3001 755 3064 idem
776 3000 831 3063 hic
852 3001 928 3075 dici,
951 3001 1055 3063 semel
1075 3021 1095 3064 a
1114 3000 1236 3064 Tacito
1258 3003 1303 3085 (in
1315 3003 1411 3066 curia
1417 3004 1537 3085 potius

338 3142 437 3202 quam
458 3122 492 3183 in
505 3121 613 3202 soro),
634 3119 738 3183 semel
759 3140 779 3183 a
799 3119 1033 3202 ludimagistro
1054 3121 1148 3204 (aput
1165 3134 1313 3186 senatum
1334 3143 1432 3204 quam
1449 3135 1537 3206 aput

339 3239 489 3322 iudicesll
526 3239 576 3301 At
596 3259 631 3302 re
652 3240 831 3302 observata
851 3239 948 3302 simul
971 3238 1150 3302 manifesto
1169 3247 1326 3303 tenemus
1346 3239 1533 3318 librarium,

341 3379 402 3442 pro
422 3357 532 3421 Taciti
547 3359 658 3421 verbis
670 3358 835 3441 puerilem
847 3358 941 3422 scioli
955 3358 1191 3423 venditantem
1204 3361 1532 3424 annotatiunculam.

341 3478 394 3542 Ne
425 3477 567 3542 latinum
598 3479 737 3559 quidem
770 3478 859 3540 istud
891 3489 973 3561 aput
1002 3491 1150 3542 senatum
1181 3499 1280 3560 quam
1304 3491 1387 3562 aput
1409 3481 1533 3544 iudices

339 3599 476 3682 (omisso
499 3597 663 3660 adverbio
680 3597 804 3681 potius)
829 3616 900 3659 esse
925 3597 1069 3661 videtur.

385 3717 428 3792 ll,
453 3719 505 3781 81.
534 3717 693 3798 ,Interim
717 3717 793 3779 Piso
818 3715 959 3779 classem
984 3716 1074 3780 haud
1100 3717 1217 3800 procul
1237 3718 1450 3799 operientem
1470 3720 1529 3781 ad·

340 3857 490 3922 pugnare
521 3837 642 3901 srustra
666 3837 865 3920 temptavit;
890 3855 1128 3918 regressusque
1152 3844 1187 3899 et
1210 3857 1272 3919 pro
1296 3839 1399 3900 muris
1424 3838 1528 3900 modo

339 3966 446 4020 semet
466 3957 672 4031 afflictand0,
694 3957 796 4019 modo
816 3956 964 4037 singulos
977 3955 1114 4018 nomine
1127 3956 1219 4017 ciens
1232 3957 1390 4038 praemiis
1403 3977 1527 4020 vocans

338 4077 541 4140 seditionem
560 4075 755 4156 coeptabat,
774 4077 929 4158 adeoque
943 4085 1175 4138 commoverat
1188 4084 1225 4138 ut
1237 4075 1375 4158 signifer
1386 4076 1526 4160 legionis

340 4216 466 4260 vocans
489 4202 606 4256 sextae
631 4194 764 4276 signum
788 4198 831 4259 ad
857 4217 935 4260 eum
958 4194 1200 4260 transtulerit.”

376 4437 517 4508 1)Mnem.
538 4443 627 4492 XXIX
647 4459 673 4508 p.
694 4443 753 4494 280.
