3248 5230
670 421 731 498 285

152 617 233 679 „nec
264 597 386 680 opibus
418 597 581 658 societate
605 596 806 659 validiorum
831 595 939 657 attriti
964 594 1067 677 (viros
1091 602 1223 658 tantum
1249 615 1300 658 ar·

3 719 4 724 ’
101 738 230 800 maque
261 718 404 800 imperio
437 716 685 797 ministrabant)
719 717 775 778 diu
801 715 1009 780 Germanicis
1033 714 1130 777 bellis
1154 715 1295 777 exerciti

103 858 134 899 e.
151 857 182 918 q.
196 835 245 899 s.”

152 956 241 1019 Nam
273 957 365 1038 quod
389 954 502 1038 opibus
525 965 577 1018 est
600 955 768 1018 ablativus
792 975 825 1036 q.
839 955 871 1016 d.
896 955 1011 1036 partiS,
1034 954 1185 1017 societate
1206 953 1299 1016 abla-

103 1078 197 1140 tivus
231 1095 352 1138 causae
383 1075 417 1136 in
449 1074 570 1136 Tacito
603 1073 743 1136 fortasse
775 1073 852 1136 ferri
883 1073 987 1136 debet
1017 1061 1209 1155 potestque.
1241 1071 1299 1134 An

103 1195 218 1277 opibus
238 1214 374 1276 quoque
395 1191 600 1256 delendum?
621 1192 743 1257 Carere
763 1202 855 1256 certe
875 1212 916 1255 eo
930 1190 1097 1255 vocabulo
1111 1209 1299 1274 possumus.

152 1315 206 1376 De
231 1314 367 1377 Batavis
390 1314 512 1376 eodem
537 1313 649 1396 capite
673 1321 708 1375 et
732 1312 816 1376 haec
840 1312 1014 1394 leguntur:

155 1433 284 1512 „Erant
314 1440 349 1494 et
382 1433 474 1494 domi
507 1430 659 1494 delectus
691 1452 805 1513 eques,
838 1431 1022 1514 praecipuo
1048 1430 1150 1493 nandi
1175 1431 1297 1505 studio,

104 1572 201 1615 arma
222 1571 396 1633 equosque
418 1552 567 1614 retinens
588 1551 726 1632 integris
747 1551 865 1613 turmis
879 1549 1036 1618 Rhenum
1050 1549 1302 1634 perrumpere.’'

155 1670 220 1733 Pro
243 1681 342 1733 erant
364 1677 456 1733 recte
481 1669 680 1753 plerumque
704 1670 816 1732 editur
834 1682 919 1745 erat,
939 1669 1064 1732 deinde
1085 1670 1119 1732 in
1140 1669 1206 1733 fine
1226 1668 1303 1745 loci,

106 1797 146 1852 ut
171 1787 328 1852 infinitivi
348 1797 519 1852 constaret
542 1790 639 1863 ratio,
663 1788 719 1852 alii
739 1801 858 1864 suetae,
883 1788 939 1852 alii
962 1789 1088 1864 solitus,
1108 1788 1164 1852 alii
1180 1789 1303 1853 exerci-

106 1920 172 1983 tus,
199 1908 254 1970 alii
278 1908 426 1990 denique
453 1909 565 1972 doctus
592 1909 805 1982 adiecerunt,
837 1929 982 1990 quorum
1013 1908 1095 1972 nihil
1127 1917 1178 1972 est
1210 1910 1301 1990 quod

109 2047 181 2091 non
201 2035 351 2109 praestet
372 2027 504 2090 illorum
525 2027 713 2102 conatibus,
734 2028 792 2110 qui
813 2047 856 2089 ex
875 2040 974 2091 erant
993 2027 1158 2091 lecerunt:
1180 2040 1303 2103 suerat,

108 2147 282 2219 adsuerat,
314 2147 465 2209 insuerat
495 2146 605 2208 simm.
638 2145 839 2209 Admodum
869 2145 1029 2230 languida
1053 2155 1167 2210 tamen
1189 2149 1304 2211 omnia

108 2267 169 2332 illa
192 2276 270 2330 sunt
293 2267 539 2330 additamenta.
564 2267 734 2348 Equidem
758 2267 806 2329 sic
830 2266 1013 2349 legendum
1037 2288 1178 2331 censeo:

161 2387 264 2466 ,Erat
295 2395 329 2449 et
362 2386 453 2449 domi
482 2385 634 2449 delectus
658 2406 772 2467 eques,
797 2387 982 2469 praecipuo
1006 2387 1107 2449 nandi
1132 2388 1245 2451 studio
1269 2400 1306 2452 ut

107 2526 207 2570 arma
226 2525 400 2588 equosque
421 2506 569 2568 retinens
590 2506 729 2588 integris
741 2507 859 2569 turmis
873 2507 1029 2570 Rhenum
1037 2505 1304 2591 perrumperet.”

163 2624 207 2690 Ut
226 2650 266 2677 =
287 2626 334 2688 sic
358 2633 405 2700 ut,
429 2633 527 2688 tanto
550 2626 664 2688 studio
687 2634 734 2688 ut.

160 2863 204 2925 H.
225 2863 285 2939 IV,
309 2881 361 2944 34.
382 2862 497 2927 Civilis
518 2863 696 2927 obsidione
717 2863 848 2927 clausos
868 2865 1042 2928 Romanos
1062 2873 1182 2928 tenens
1195 2874 1307 2929 osten·

108 2983 227 3045 tandis
259 2982 391 3046 vexillis
414 2983 586 3065 signisque
610 2984 719 3065 captis
743 3002 801 3045 eos
825 2992 862 3045 ut
885 2991 995 3046 castra
1018 2985 1146 3047 dedant
1169 2985 1306 3067 adigere

109 3111 267 3165 conatur.
288 3102 444 3166 Frustra:
466 3123 552 3166 unus
570 3104 660 3166 enim
681 3124 699 3165 e
720 3103 864 3185 captivis
884 3103 974 3166 clara
994 3124 1079 3166 voce
1102 3125 1160 3167 eos
1184 3105 1307 3167 edocet

111 3241 195 3284 eum
218 3241 289 3284 esse
311 3221 558 3285 Germanorum
577 3230 703 3285 statum
724 3231 762 3285 ut
783 3223 946 3285 Romanis
968 3223 1105 3286 minime
1125 3224 1168 3286 sit
1188 3225 1307 3306 despe-

111 3341 270 3403 randum.
294 3340 440 3405 Addunt
459 3343 563 3404 etiam
583 3343 714 3405 animos
734 3342 829 3425 ignes
849 3342 1014 3418 villarum,
1032 3343 1307 3425 appropinquan-

110 3460 159 3522 tis
189 3460 329 3524 subsidii
361 3462 504 3543 signum.
535 3459 677 3525 Alacres
708 3482 789 3544 ergo
821 3460 986 3544 proelium
1011 3462 1135 3525 milites
1160 3462 1306 3526 Romani

112 3587 279 3663 poscunt:

163 3700 236 3781 „Ne
260 3707 415 3782 tempore
439 3701 578 3782 quidem
602 3702 645 3764 ad
670 3701 894 3764 ordinandam
918 3701 1026 3763 aciem
1047 3709 1158 3784 capto,
1180 3702 1307 3764 incom-

112 3819 217 3902 positi
249 3818 393 3901 lessique
425 3818 591 3902 proelium
622 3839 806 3902 sumpsere.
833 3819 920 3881 Nam
946 3818 1061 3882 Civilis
1084 3820 1213 3896 aderat,
1238 3841 1305 3884 non

114 3940 227 4002 minus
250 3939 340 4001 vitiis
363 3959 465 4020 quam
489 3940 614 4002 virtute
637 3959 774 4001 suorum
800 3938 937 4001 fretus.”

158 4057 269 4133 Nam;
294 4059 387 4121 cuius
410 4077 491 4140 ergo
515 4059 564 4120 rei
584 4057 638 4120 hic
659 4058 745 4120 ratio
765 4055 936 4119 redditur?
958 4056 1088 4120 Nullius
1110 4067 1146 4120 ut
1167 4059 1304 4140 opinor:

113 4177 227 4261 pergit
258 4178 496 4240 tantummodo
528 4177 686 4239 narratio.
719 4175 811 4258 Ergo
843 4196 905 4257 pro
936 4197 1012 4239 nam
1043 4177 1224 4258 legendum
1256 4186 1307 4240 est

114 4298 182 4360 iam
207 4294 272 4370 vel,
296 4297 389 4378 quod
415 4304 564 4379 praestat
588 4297 701 4368 etiam,
727 4297 866 4376 iamque.
