3228 5236
873 353 931 414 168

306 531 390 594 civis
425 540 548 606 noster,
581 551 649 594 vox
674 533 876 613 paenitentia
908 531 1026 595 ultima
1056 532 1195 613 quidem
1220 539 1271 593 est
1294 530 1414 604 lineae,
1437 530 1499 591 sed

309 671 376 712 non
401 651 443 714 ad
468 650 571 714 finem
595 650 704 713 lineae
729 652 910 732 percurrit:
935 653 1086 733 sequitur
1109 653 1199 714 enim
1223 650 1353 726 lacuna,
1377 651 1502 733 inqua

307 771 471 832 evanidae
491 769 659 850 quaedam
680 769 783 832 etiam
803 790 891 832 nunc
912 771 1166 853 conspiciuntur
1185 770 1310 833 literae.
1329 770 1503 852 Equidem

308 888 354 952 ibi
388 889 469 950 mihi
494 889 636 972 propior
668 887 722 951 vel
748 889 892 970 pronior
923 909 1106 971 agnoscere
1138 891 1265 964 videor,
1296 891 1356 952 sed
1386 889 1504 951 literas

301 1022 327 1092 p
353 1018 388 1071 et
411 1031 428 1072 o
451 1028 615 1091 apparere
647 1010 750 1072 etiam
775 1030 875 1072 nemo
900 1010 1048 1091 negabit.
1074 1009 1191 1092 Atque
1215 1009 1378 1072 alterutro
1402 1028 1505 1070 voca·

309 1129 389 1193 bulo
425 1128 565 1192 lacunae
597 1129 744 1211 spatium
778 1128 846 1192 lere
879 1129 1047 1212 impletur.
1079 1128 1221 1212 Scripsit
1253 1150 1334 1212 ergo
1362 1127 1505 1192 Tacitus

303 1249 524 1332 paenitentiae
547 1249 690 1333 propior
722 1249 787 1330 (vel
811 1249 978 1331 pronior),
1009 1250 1068 1311 sed
1096 1250 1154 1330 qui
1179 1250 1333 1311 codicem
1356 1248 1504 1331 scripsit,

311 1366 364 1430 vel
392 1366 593 1430 substantivi
612 1367 815 1450 paenitentia
838 1388 933 1442 sono,
958 1367 1010 1430 vel
1034 1368 1099 1431 alia
1122 1387 1222 1432 causa
1246 1368 1368 1450 aliqua,
1394 1368 1428 1429 in
1453 1387 1505 1429 er-

310 1505 420 1548 rorem
442 1487 599 1548 inductus
619 1505 742 1549 novam
764 1486 887 1548 lineam
907 1486 951 1550 ab
970 1488 1141 1550 adiectivo
1151 1488 1284 1570 patiens
1295 1485 1505 1550 ordiebatur.

312 1604 456 1680 Deinde,
489 1613 580 1667 ratus
604 1606 809 1688 paenitentia
833 1607 967 1687 patrous
996 1606 1146 1670 sincerae
1179 1606 1375 1668 Latinitatis
1399 1613 1504 1686 atquc

312 1722 389 1784 huic
421 1721 497 1785 loco
528 1731 645 1805 aptum
677 1743 760 1798 esse,
793 1723 874 1786 illud
897 1727 1042 1807 propior
1066 1725 1131 1808 (vel
1148 1725 1304 1808 promor)
1327 1734 1505 1806 tamquam

313 1861 558 1923 supervacuum
583 1841 696 1905 delere
716 1851 859 1905 conatus
882 1851 942 1905 est.

357 2078 401 2140 A.
427 2079 470 2154 ΙΙ,
494 2080 548 2160 69.
574 2079 623 2144 Ut
648 2080 735 2142 bene
760 2089 915 2144 teneatur
939 2101 997 2144 cur
1023 2081 1102 2143 mihi
1128 2081 1182 2145 hic
1208 2101 1315 2163 pauca
1334 2082 1507 2163 quaedam

316 2197 480 2261 vocabula
500 2208 658 2281 suspecta
677 2200 754 2274 sint,
774 2209 930 2263 accurate
951 2202 1056 2262 totius
1069 2201 1269 2263 narrationis
1282 2203 1441 2264 decursus
1451 2209 1508 2262 est

314 2316 554 2380 observandus.
587 2318 659 2381 Iam
691 2319 886 2382 inimicitiae
914 2320 1002 2381 inter
1026 2318 1264 2383 Germanicum
1288 2328 1322 2382 et
1348 2321 1506 2382 Pisonem

314 2445 409 2500 ortae
440 2446 517 2500 sunt
547 2458 735 2520 gravesque
761 2438 984 2502 contumelias
1008 2448 1246 2522 provocarunt.
1270 2441 1347 2502 Piso
1370 2439 1462 2502 abire
1488 2460 1509 2502 e

315 2559 489 2639 provincia
508 2559 636 2632 statuit,
657 2559 716 2621 sed
736 2559 861 2622 retinet
880 2579 957 2621 eum
974 2559 1117 2621 adversa
1130 2557 1321 2622 Germanici
1335 2557 1509 2620 valetudo.

317 2677 479 2739 Reticitur
511 2676 741 2753 Germanicus,
773 2678 919 2741 exsultat
943 2677 1067 2758 gaudio
1092 2676 1375 2740 Antiochensium
1400 2675 1510 2759 plebs,

315 2816 417 2876 quam
441 2796 545 2859 iratus
570 2817 629 2879 per
653 2796 789 2859 lictores
814 2797 890 2858 Piso
915 2796 1093 2859 disturbat.
1118 2795 1206 2858 Tum
1228 2795 1259 2876 (i.
1272 2816 1301 2857 e.
1323 2803 1399 2877 post
1419 2794 1510 2877 prio·

317 2936 386 2978 rem
412 2915 505 2978 illum
530 2914 721 2978 Germanici
747 2915 914 2990 morbum,
939 2935 1008 2996 quo
1031 2950 1075 2961 -
1099 2913 1127 2977 si
1151 2934 1230 2977 vera
1250 2923 1327 2976 sunt
1347 2933 1434 2996 quae
1453 2913 1511 2976 hic

317 3043 494 3098 narrantur
517 3071 559 3080 -
583 3035 649 3097 iam
675 3035 860 3098 excitatam
884 3035 1032 3117 aliquam
1057 3036 1100 3097 de
1126 3035 1254 3098 Pisonis
1275 3033 1408 3097 nefariis
1428 3053 1510 3096 con·

316 3153 398 3216 siliis
420 3153 646 3235 suspicionem
671 3163 936 3217 consentaneum
962 3155 1024 3236 est)
1049 3155 1144 3216 Piso:

365 3272 572 3354 ,Seleuciam
592 3274 788 3355 digreditur,
810 3273 991 3356 opperiens
1007 3273 1265 3355 aegritudinem,
1277 3292 1364 3354 quae
1378 3292 1509 3334 rursum

318 3391 520 3456 Germanico
544 3392 746 3456 acciderat.”

364 3513 537 3576 Hactenus
560 3514 676 3576 omnia
700 3513 829 3596 optime
853 3513 1060 3596 procedunt:
1084 3512 1261 3593 sequentia
1284 3511 1476 3574 videamus:

366 3632 530 3713 ,Saeuam
562 3633 630 3695 vim
661 3632 769 3695 morbi
799 3632 947 3714 augebat
978 3632 1149 3714 persuasio
1182 3630 1304 3694 veneni
1337 3651 1357 3692 a
1388 3629 1509 3692 Pisone

320 3751 486 3834 accepti.”

365 3871 517 3935 Hoccine
542 3871 630 3935 bene
651 3872 694 3935 ad
717 3879 864 3933 ceteram
886 3871 1113 3932 narrationem
1133 3869 1288 3950 quadrat,
1310 3867 1363 3930 vel
1377 3887 1510 3930 -nam

320 3990 391 4076 hoc¹
417 3993 563 4075 primum
594 3991 769 4054 videamus
794 4027 836 4036 —
861 3991 924 4072 ipsi
957 3991 1013 4065 rei,
1046 3989 1089 4052 dc
1120 4009 1188 4070 qua
1220 3987 1340 4069 agitur,
1372 3995 1511 4050 naturae

320 4106 525 4192 respondet?
551 4108 628 4171 Non
653 4109 784 4191 opinor.
810 4108 845 4172 Si
870 4109 944 4190 quis
967 4128 1068 4190 aeger
1089 4127 1150 4190 pro
1170 4115 1263 4170 certo
1284 4106 1392 4169 credit
1410 4125 1512 4169 vene·

322 4249 401 4291 num
433 4227 496 4289 sibi
529 4226 657 4301 datum,
690 4227 834 4290 aliamve
866 4229 911 4291 ob
939 4248 1074 4291 causam
1098 4245 1294 4309 persuasum
1318 4225 1382 4288 sibi
1407 4225 1512 4290 habet

321 4348 364 4408 de
388 4366 423 4406 se
447 4352 560 4407 actum
585 4365 668 4420 esse,
693 4347 774 4408 irriti
799 4356 877 4409 sunt
902 4348 1110 4410 medicorum
1135 4354 1285 4422 conatuS,
1307 4355 1374 4422 aut,
1395 4347 1423 4408 si
1443 4346 1510 4410 iam
