3228 5236
649 467 708 547 163

127 645 167 708 A.
188 645 214 720 Ι,
234 645 265 707 6.
291 644 485 727 „Agrippae
503 652 647 706 mortem
660 645 704 706 ab
718 644 792 726 ipso
805 642 963 724 Augusto
976 643 1100 705 iussam
1113 642 1274 704 Tiberius

89 763 271 826 simulavit’'
295 763 434 826 Tacitus
458 764 515 838 ait,
541 771 614 827 tum
638 765 686 826 sic
710 763 839 846 pergit:

129 885 255 964 ,Multa
267 885 340 946 sine
352 883 457 947 dubio
469 904 640 965 saevaque
651 883 826 964 Augustus
836 882 877 946 de
888 883 1037 945 moribus
1046 882 1274 945 adulescentis

87 1012 227 1084 questus,
249 1012 287 1067 ut
306 1002 445 1066 exilium
466 1004 537 1066 eius
557 1002 850 1066 senatusconsulto
867 1003 1053 1065 sanciretur
1069 1000 1273 1085 perfecerat:

88 1132 228 1186 ceterum
265 1125 297 1185 in
335 1122 457 1186 nullius
487 1143 636 1205 unquam
668 1143 804 1185 suorum
837 1141 955 1185 necem
988 1121 1131 1196 duravit,
1163 1142 1274 1203 neque

88 1252 224 1305 mortem
245 1243 363 1325 nepoti
383 1263 445 1325 pro
466 1242 647 1304 securitate
668 1242 812 1325 privigni
834 1241 973 1304 inlatam
990 1240 1152 1303 credibile
1170 1239 1274 1302 erat.”

127 1362 292 1426 Ultimum
328 1362 532 1425 vocabulum
566 1374 643 1426 erat
676 1370 874 1443 corruptum
905 1381 977 1424 esse
1010 1359 1090 1423 mihi
1122 1369 1256 1423 constat
1266 1386 1274 1435 ;

86 1503 196 1546 sanum
229 1483 415 1557 crederem,
443 1482 470 1544 si
494 1481 548 1545 hic
575 1481 777 1544 referrentur
799 1490 1010 1563 argumenta,
1035 1481 1157 1563 quibus
1181 1481 1274 1543 ducti

85 1614 244 1666 senatores
267 1600 395 1663 Tiberii
420 1601 462 1663 de
487 1601 592 1683 patris
616 1602 713 1663 iussis
737 1602 915 1664 mendacio
937 1600 1039 1664 fidem
1061 1621 1128 1663 non
1150 1601 1274 1664 habue-

85 1721 155 1783 rint.
180 1720 229 1784 At
254 1740 342 1783 nunc
366 1721 434 1805 ipse
453 1740 559 1782 secum
580 1719 734 1801 disputat
754 1718 893 1781 Tacitus
914 1726 949 1780 et
969 1719 1114 1802 primum
1136 1721 1273 1801 quidem

86 1841 220 1902 concedit
250 1839 388 1920 aliquid,
420 1859 488 1920 quo
521 1839 564 1901 ad
598 1845 729 1920 patrem
761 1837 1023 1900 insimulandum
1054 1839 1100 1899 uti
1126 1839 1275 1920 potuerit

87 1957 236 2021 Tiberius
257 1957 459 2040 (concedendi
477 1959 567 2020 enirn
587 1957 655 2019 vim
668 1956 749 2020 illud
767 1958 856 2038 ,sine
870 1957 996 2020 dubio”
1010 1957 1136 2035 habet),
1150 1957 1274 2020 deinde

88 2077 153 2156 ipse
172 2077 262 2140 idern
282 2076 364 2139 illud
387 2075 534 2138 infirmat
555 2075 617 2138 hac
638 2076 894 2139 observatione:
918 2085 1087 2154 ,ceterum
1108 2077 1141 2138 in
1155 2076 1276 2140 nullius

89 2215 229 2277 unquam
266 2215 385 2257 necem
417 2193 586 2258 duravit.’‘
619 2195 794 2258 Postremo
826 2215 894 2276 quo
925 2195 997 2276 ipse
1030 2194 1275 2262 deliberatione

90 2312 140 2375 illa
162 2315 304 2377 ducatur
328 2315 376 2376 sic
401 2315 559 2396 exponit:
589 2315 746 2396 „propius
770 2313 1049 2376 verovTiberium
1070 2333 1109 2376 ac
1130 2313 1274 2388 Liviam,

89 2432 173 2495 illum
198 2442 302 2508 metu,
325 2432 412 2496 hanc
437 2433 672 2496 novercalibus
697 2433 783 2495 odiis
803 2433 951 2514 suspecti
973 2441 1007 2494 et
1027 2433 1124 2495 invisi
1145 2434 1276 2494 iuvenis

89 2554 220 2616 caedem
245 2551 488 2616 festinavisse.”
514 2551 613 2626 Satis,
639 2560 674 2615 ut
697 2553 830 2635 opinor,
852 2572 939 2614 nunc
960 2560 1102 2634 apparet
1123 2564 1198 2614 erat
1217 2560 1275 2613 aut

90 2673 308 2735 omittendum
334 2680 392 2734 aut
412 2691 474 2754 pro
495 2691 536 2732 eo
556 2683 604 2735 est
622 2671 804 2752 legendum
826 2691 909 2732 esse.
933 2671 1019 2732 Nam
1041 2690 1142 2751 quem
1163 2670 1274 2732 locum

91 2788 139 2852 hic
161 2790 256 2854 affert
281 2791 463 2853 Furneaux
488 2810 516 2852 c.
544 2805 601 2871 53:

93 2909 245 2986 ,litterae,
278 2929 361 2990 quas
393 2908 476 2972 Iulia
500 2910 587 2991 patri
616 2908 773 2989 Augusto
798 2929 874 2971 curn
899 2910 1120 2975 insectatione
1146 2909 1273 2972 Tiberii

90 3029 224 3110 scripsit,
248 3049 268 3090 a
292 3027 446 3092 Graccho
471 3029 680 3110 compositae
706 3028 952 3092 credebantur”

90 3146 155 3209 eius
176 3155 246 3210 tam
272 3147 405 3209 diversa
429 3155 480 3209 est
503 3147 644 3222 indoles,
666 3149 755 3209 utin
776 3168 817 3210 eo
838 3168 906 3210 non
927 3151 1157 3230 spernendum
1179 3171 1274 3214 meac

90 3251 297 3328 coniecturae
324 3266 432 3327 inesse
457 3264 707 3328 firmamentum
730 3286 924 3347 persuasum
952 3269 1033 3330 mihi
1057 3269 1109 3332 sit.
1143 3269 1275 3346 Alter0,

89 3386 128 3446 ad
151 3404 253 3466 quem
275 3385 367 3448 idern
392 3406 423 3446 v.
448 3385 481 3448 d.
505 3393 680 3467 provocat,
707 3386 768 3460 IV,
794 3403 852 3468 74:

134 3506 230 3583 ,satis
262 3504 442 3566 constabat
471 3512 606 3567 auctam
638 3503 668 3565 ei
702 3503 850 3586 (Seiano)
881 3506 1110 3586 arrogantiam
1138 3505 1274 3568 foedum

89 3621 164 3687 illud
188 3623 222 3686 in
248 3623 429 3705 propatulo
453 3623 627 3685 servitium
651 3622 842 3705 spectanti”

130 3762 190 3824 pro
209 3742 378 3805 constabat
394 3741 576 3824 legendum
598 3762 670 3804 esse
690 3753 815 3804 constat
834 3761 915 3803 mox
931 3743 1163 3805 demonstrare
1176 3763 1275 3806 cona·

90 3861 156 3936 bor,
182 3862 286 3944 idque
310 3871 521 3944 argument0,
548 3871 583 3924 ut
609 3862 689 3924 mihi
714 3862 853 3943 quidem
879 3861 1023 3936 videtur,
1049 3863 1246 3926 certissimo

130 3979 172 4044 A.
204 3982 230 4056 I,
262 3995 293 4063 7.
327 3981 375 4046 Ut
407 3990 571 4064 appareat
603 3989 712 4044 astute
750 3979 870 4042 callide
906 3979 1135 4044 fraudulenter
1169 3984 1276 4062 egisse

90 4100 337 4180 mendaciisque
362 4120 457 4163 usum
481 4100 666 4173 Tiberium,
692 4119 767 4161 curn
788 4099 902 4161 omnia
921 4101 968 4162 sic
988 4109 1103 4182 ageret
1124 4099 1277 4182 loquere-

91 4223 205 4299 turque
235 4227 412 4300 tamquam
444 4219 470 4281 si
503 4220 546 4282 de
577 4239 613 4281 se
646 4219 850 4300 imperatore
881 4239 990 4300 neque
1015 4221 1179 4300 cogitaret
1203 4221 1275 4302 ipse

92 4355 195 4420 neque
219 4339 359 4401 omnino
383 4339 524 4420 cogitari
549 4346 673 4420 posset,
699 4338 783 4400 haec
807 4337 934 4420 profert
958 4337 1113 4399 Tacitus:

135 4456 309 4537 ,Ceterum
342 4456 503 4520 defuncto
537 4457 693 4538 Augusto
725 4458 856 4539 signum
882 4457 1057 4540 praetoriis
1081 4457 1277 4521 cohortibus
