3266 5238
662 410 704 490 63

83 608 150 670 que
175 596 310 671 partem
333 598 524 671 capesseret
550 635 668 652 ......
694 589 732 652 Id
759 587 887 654 Sabino
908 589 1090 651 convenire
1115 597 1151 651 ut
1172 590 1277 672 impe-

84 710 171 772 rium
197 707 289 771 fratri
309 717 511 784 reservaret;
533 709 568 770 id
590 707 812 791 Vespasiano,
834 719 870 771 ut
890 709 994 776 ceteri
1016 718 1094 790 post
1115 707 1279 773 Sabinum

84 827 325 891 haberentur”.

129 947 196 1010 Pro
235 959 425 1011 reservaret
463 947 606 1010 Iacobus
642 949 819 1030 proposuit
854 953 1030 1024 reseraret,
1067 967 1154 1029 quae
1190 948 1279 1010 haud

84 1068 190 1130 dubie
222 1069 490 1150 ingeniosissima
521 1077 572 1130 est
603 1069 808 1142 coniectura,
840 1069 900 1130 sed
931 1077 967 1130 ut
999 1068 1077 1130 huic
1101 1067 1177 1130 loco
1201 1077 1282 1149 apta

85 1208 295 1271 magnopere
326 1209 455 1253 vereor.
490 1189 567 1253 Non
599 1190 728 1252 etenim
759 1188 904 1254 Sabinus
934 1189 1137 1252 admonetur
1164 1197 1201 1249 ut
1225 1188 1282 1250 ali·

86 1327 192 1389 quam
224 1329 295 1371 rem
326 1308 428 1372 saciat
458 1328 546 1391 quae
571 1308 784 1391 Vespasiano
807 1311 851 1371 sit
875 1308 1059 1390 profutura,
1084 1309 1143 1370 sed
1169 1308 1282 1389 potius

87 1435 125 1488 ut
145 1425 261 1508 aliquo
282 1429 386 1491 modo
407 1427 556 1491 declaret
576 1429 658 1510 quid
679 1429 751 1510 ipse
770 1429 895 1490 sentiat
911 1429 954 1490 de
967 1427 1153 1511 republica:
1169 1427 1280 1509 palam

87 1565 167 1608 euru
199 1546 402 1629 Vespasiani
427 1556 540 1630 partes
563 1547 724 1630 amplecti
748 1547 889 1629 cupiunt
914 1549 1077 1630 primores
1101 1547 1162 1622 illi;
1189 1547 1282 1628 quod

86 1665 114 1727 si
146 1663 276 1740 iecerit,
303 1664 396 1728 fratri
422 1667 608 1729 reservabit
632 1667 810 1749 imperium
835 1667 856 1728 i.
869 1687 898 1728 e.
923 1667 1054 1750 imperii
1078 1667 1207 1742 sedem,
1232 1688 1284 1729 ur·

87 1784 169 1846 bem
195 1772 483 1867 Capitoliumque.

135 1902 180 1966 H.
206 1903 267 1978 IV,
291 1904 345 1982 46.
378 1903 549 1986 (Militiam
581 1913 740 1986 repetunt
772 1925 791 1967 a
818 1904 976 1968 Muciano
1001 1924 1068 1968 non
1092 1903 1202 1968 solum
1227 1904 1284 1986 qui

87 2022 172 2085 olim
205 2042 267 2105 pro
299 2021 513 2105 Vespasiano
543 2031 788 2105 pugnaverant,
823 2043 913 2086 nunc
941 2023 1068 2086 dimissi
1093 2032 1200 2100 erant,
1225 2025 1283 2086 sed

88 2142 195 2204 etiam
238 2142 300 2225 ipsi
338 2141 530 2219 Vitelliani;
567 2151 601 2204 et
638 2162 767 2205 morem
802 2142 941 2225 quidem
976 2163 1093 2225 gerere
1127 2144 1286 2207 omnibus

90 2262 271 2325 Mucianus
294 2262 485 2345 cupiebatl:

133 2382 195 2444 sed
224 2383 391 2444 immensa
416 2382 559 2464 pecunia
583 2389 680 2444 tanta
704 2382 754 2444 vis
777 2380 953 2444 hominum
978 2383 1155 2446 retinenda
1179 2392 1262 2446 erat.

136 2502 256 2565 Multis
292 2502 401 2565 modis
435 2501 519 2565 haec
554 2501 778 2565 sollicitarunt
813 2502 937 2565 critici:
970 2501 1024 2565 hic
1049 2512 1125 2584 post
1144 2504 1284 2585 pecunia

88 2622 209 2684 inserit
241 2622 397 2696 terrebat,
429 2621 484 2684 ille
517 2630 693 2703 praeterea
722 2623 753 2684 si
782 2622 879 2684 addit
907 2622 1062 2704 (pecunia
1086 2622 1236 2684 terrebat
1259 2623 1286 2683 si

88 2743 211 2826 tanta),
243 2743 376 2806 accedit
406 2744 525 2806 tertius
556 2743 614 2826 qui
646 2763 708 2825 pro
739 2744 771 2806 sr'
791 2742 904 2823 legere
929 2743 1023 2805 malit
1047 2763 1121 2824 qua.
1147 2742 1286 2818 Omnes,

88 2865 116 2925 si
143 2863 226 2945 quid
251 2862 362 2937 video,
386 2863 557 2926 soloecam
581 2863 732 2926 efficiunt
755 2863 959 2940 orationem;
986 2863 1067 2944 quin
1089 2862 1209 2926 frustra
1230 2863 1287 2925 de·

88 2983 216 3046 sudent
241 3003 309 3045 non
334 2982 471 3059 dubito;
496 3003 575 3047 nam
593 2995 690 3066 posse
712 2991 746 3044 et
766 2982 880 3046 debere
899 2981 953 3044 hic
976 2983 1008 3044 in
1030 3003 1133 3044 unum
1155 2991 1287 3045 contra-

90 3104 230 3178 huntur,
263 3103 364 3186 paulo
395 3104 534 3185 quidem
567 3103 754 3166 intricatius
784 3104 843 3165 sed
878 3102 978 3184 plane
1010 3102 1151 3165 Taciteo
1182 3122 1287 3170 more.

90 3222 148 3286 Sic
181 3223 271 3285 enim
304 3222 498 3286 divellenda
528 3230 632 3304 atque
663 3221 865 3304 explicanda
892 3232 948 3284 est
981 3223 1161 3286 verborum
1185 3225 1288 3286 tradi·

89 3352 206 3407 torum
243 3343 429 3406 sententia:
461 3352 497 3404 ut
523 3355 637 3427 posses
666 3350 795 3405 tantam
829 3343 897 3405 vim
928 3342 1103 3406 hominum
1135 3345 1287 3418 retinere,

90 3464 261 3525 immensa
290 3474 368 3526 erat
394 3461 543 3526 habenda
575 3462 729 3545 pecunia.
763 3461 835 3524 Nos
865 3481 1001 3543 quoque
1032 3482 1134 3544 saepe
1165 3465 1286 3525 eodem

90 3581 163 3644 sere
190 3581 294 3644 modo
318 3581 498 3664 loquimur.
590 3569 594 3577 ’

139 3701 185 3765 Η.
211 3701 271 3778 IV,
296 3682 349 3766 do.
377 3701 556 3783 „Germani
580 3701 752 3765 incautum
777 3720 899 3782 agmen
924 3699 1182 3780 adgrediuntur:
1205 3719 1288 3780 pug-

90 3822 294 3885 nacissimus
328 3823 471 3903 quisque
506 3822 541 3883 in
575 3820 730 3901 vestigio,
767 3817 861 3914 multi
896 3817 1049 3900 palantes
1079 3816 1287 3892 occubuere;

90 3941 199 4006 ceteri
222 3949 312 4004 retro
332 3941 365 4004 iu
385 3949 495 4004 castra
515 3939 718 4022 perfugiunt,
739 3947 903 4020 querente
923 3958 1003 4000 sane
1024 3938 1122 4003 Civili
1135 3947 1170 4001 et
1183 3939 1289 4002 incre·

91 4071 199 4146 pante
234 4061 432 4135 Germanos,
463 4069 638 4142 tamquam
671 4058 773 4121 fidem
804 4077 866 4139 per
897 4057 1005 4120 scelus
1036 4059 1290 4152 abrumperent.

91 4181 263 4250 Simulata
285 4201 325 4243 ea
349 4180 472 4244 fuerint
495 4201 537 4243 an
562 4181 707 4243 retinere
731 4179 922 4240 saevientes
946 4179 1146 4259 nequiverit,
1172 4197 1289 4260 parum

90 4303 304 4367 adfirmatur.
337 4301 488 4382 Direptis
519 4301 636 4363 castris
668 4298 758 4361 iaces
789 4298 947 4372 iniciunt;
980 4308 1200 4379 cunctosque,
1233 4297 1291 4377 qui

91 4421 227 4505 proelio
250 4416 495 4501 superfuerant,
520 4419 715 4482 incendium
739 4415 885 4478 hausit'’.
