3266 5238
902 454 963 517 124

333 637 434 698 quam
460 617 603 698 cupidus
628 637 700 680 esse
725 617 843 680 debuit
866 617 1021 699 scriptor,
1046 617 1103 698 qui
1129 617 1311 679 immanem
1335 616 1427 680 illum
1448 617 1540 680 Ger-

333 737 456 800 manici
487 757 647 811 errorem,
680 737 795 820 copias
827 756 894 799 non
926 756 965 799 ea
997 735 1080 818 ripa,
1112 755 1180 817 qua
1212 736 1423 817 pergendum
1448 745 1537 817 erat,

293 923 296 930 ,
331 857 539 938 exponentis
562 855 630 919 fere
656 855 854 930 dissimulet,
877 863 968 918 certe
988 875 1055 918 non
1076 854 1275 936 gravissima
1295 854 1540 937 obiurgatione

331 974 523 1058 vituperet?
549 976 676 1039 Fateor
701 975 892 1038 mortalium
919 975 1089 1038 neminem
1114 994 1167 1037 me
1193 976 1301 1057 magis
1325 995 1398 1038 esse
1456 1023 1459 1028 Α

630 1091 756 1173 ἄπειρον
781 1091 1006 1157 Ξθαλάττωτσν
1030 1092 1241 1170 &cataplum

334 1225 367 1278 et
392 1223 507 1278 tamen
532 1223 660 1297 quanta
684 1215 740 1278 illa
760 1215 859 1278 fuerit
881 1214 1073 1278 Germanici
1093 1214 1237 1277 stultitia
1257 1213 1393 1297 penitus
1411 1215 1538 1277 senti0.

334 1335 489 1399 Avorum
522 1345 711 1399 nostrorum
744 1337 917 1410 memoria,
950 1356 1026 1398 cum
1060 1334 1150 1398 nulla
1178 1333 1234 1397 hic
1258 1334 1386 1398 fiebant
1410 1335 1537 1398 itinera

334 1456 396 1518 nisi
428 1456 570 1539 placidis
602 1455 666 1518 illis
696 1455 849 1538 navigiis
881 1476 968 1537 quae
997 1455 1146 1518 remulco
1170 1454 1402 1530 trahebantur,
1427 1464 1461 1517 et
1485 1456 1534 1517 ad

333 1595 420 1658 quae
452 1577 602 1658 regenda
633 1576 691 1637 vix
722 1574 789 1638 ulla
820 1595 906 1657 opus
938 1583 1009 1638 erat
1039 1575 1171 1657 peritia,
1196 1583 1311 1637 tamen
1337 1573 1446 1638 nullus
1471 1596 1536 1637 un-

334 1717 436 1778 quam
468 1705 580 1771 nauta,
613 1703 649 1758 ut
677 1695 810 1776 opinor,
834 1695 1000 1758 eiusmodi
1023 1694 1152 1776 aliquid
1177 1693 1347 1757 commisit
1471 1702 1536 1756 aut

336 1825 497 1899 expertus
531 1824 583 1878 est
614 1823 789 1878 vectorum
821 1813 1000 1897 tranquille
1031 1815 1209 1895 otioseque
1241 1811 1537 1876 confabulantium

335 1957 438 1999 unum
459 1944 574 1999 tamen
596 1943 630 1998 et
649 1934 793 1998 alterum
813 1935 1040 1998 cerebrosum.
1061 1934 1258 1997 Laudamus
1273 1933 1458 2007 Tiberium,
1472 1933 1537 2014 qui

335 2065 405 2119 tam
426 2057 619 2138 imperitum
641 2057 815 2140 copiarum
836 2057 958 2118 ducem
977 2075 1079 2137 quarn
1101 2055 1245 2137 primum
1260 2053 1338 2117 inde
1353 2053 1537 2128 revocarit,

336 2175 392 2238 ubi
424 2195 597 2238 remanere
630 2196 697 2239 non
723 2184 839 2258 posset
862 2177 934 2238 sine
957 2175 1129 2257 legionum
1155 2174 1304 2256 pernicie
1327 2191 1537 2253 summoque

334 2295 539 2378 reipublicae
572 2297 789 2360 detrimento
822 2293 997 2377 Quidquid
1022 2295 1055 2356 in
1081 2294 1263 2358 Germania
1287 2292 1366 2355 fecit
1391 2291 1536 2355 Germa-

334 2415 428 2478 nicus
447 2416 562 2478 omnia
582 2424 616 2478 et
638 2415 768 2478 inutilia
788 2435 923 2497 prorsus
944 2414 1078 2478 fuerunt
1095 2421 1130 2476 et
1146 2412 1284 2495 periculi
1299 2411 1408 2494 plena.
1424 2406 1537 2474 Velut

333 2535 398 2598 hoc
430 2545 482 2599 est
513 2537 605 2619 quod
630 2556 658 2600 c.
685 2550 723 2616 25
758 2545 920 2610 narratur,
952 2555 1133 2618 puerorum
1156 2535 1238 2597 ludo
1260 2533 1400 2596 similius
1424 2552 1535 2614 quam

334 2657 492 2739 prudenti
517 2657 732 2740 imperatoris
756 2654 916 2719 consilio:

383 2776 532 2856 „Marsos
564 2777 728 2859 irrumpit,
757 2796 900 2858 quorum
925 2776 995 2840 dux
1021 2773 1256 2838 Mallovendus
1281 2792 1387 2854 nuper
1411 2772 1444 2834 in
1469 2772 1536 2834 de·

332 2896 497 2959 ditionem
519 2906 680 2978 acceptus
699 2897 892 2978 propinquo
913 2895 989 2957 loco
1010 2893 1179 2957 defossam
1197 2892 1365 2955 Varianae
1386 2889 1537 2972 legionis

332 3015 480 3096 aquilam
516 3016 651 3078 modico
687 3016 856 3098 praesidio
890 3015 1016 3077 servari
1047 3013 1185 3076 indicat.
1219 3012 1322 3074 Missa
1352 3009 1537 3090 extemplo

334 3153 462 3208 manus,
488 3152 574 3215 quae
599 3134 731 3197 hostem
755 3155 775 3197 a
799 3134 909 3197 fronte
933 3133 1081 3202 eliceret,
1105 3131 1172 3206 alii,
1193 3130 1250 3213 qui
1272 3139 1367 3211 terga
1386 3130 1536 3191 circum-

332 3252 436 3332 gressi
461 3251 674 3315 recluderent
698 3251 855 3328 humum;
881 3261 916 3315 et
941 3254 1091 3334 utrisque
1115 3250 1223 3314 adfuit
1248 3247 1416 3312 fortuna”.

378 3369 592 3453 Quamquam
623 3373 796 3448 Romanis,
820 3370 1002 3450 alambra
1026 3370 1231 3444 ludentibus,
1255 3369 1439 3450 ineptiores
1462 3365 1536 3447 ipsi

334 3489 504 3566 Germani,
525 3491 581 3572 qui
603 3512 670 3554 non
691 3493 843 3555 contenti
864 3492 977 3575 aquila
994 3491 1086 3554 humi
1104 3489 1238 3553 defossa
1254 3537 1262 3550 .
1276 3536 1284 3550 .
1300 3535 1307 3550 .
1321 3485 1536 3570 praesidium

333 3609 379 3673 ibi
401 3619 543 3693 ponunt,
563 3611 691 3674 scilicet
713 3612 776 3674 rati
796 3613 843 3674 sic
865 3611 984 3674 melius
1003 3609 1084 3673 illud
1106 3608 1265 3684 κειμήλιον
1286 3608 1319 3669 in
1338 3625 1397 3669 sua
1413 3612 1536 3687 potes-

332 3737 403 3792 tate
435 3750 701 3813 permansurum,
734 3751 836 3814 quam
868 3731 894 3794 si
926 3730 1002 3794 loco
1034 3738 1123 3792 esset
1150 3729 1315 3802 abditum,
1342 3745 1442 3808 quem
1468 3725 1532 3787 vix

333 3852 511 3934 quisquam
536 3861 654 3915 notum
678 3850 830 3914 haberet.

377 3968 420 4032 A.
446 3971 489 4045 ll,
515 3989 566 4051 34.
592 3972 630 4034 In
652 3973 870 4054 praecedenti
891 3971 1003 4053 capite
1024 3978 1194 4032 narratum
1215 3977 1267 4030 est
1286 3968 1330 4029 de
1349 3965 1532 4028 sententiis

331 4090 365 4152 in
395 4098 513 4153 senatu
547 4091 646 4152 dictis
677 4090 1039 4173 senatusconsultoque
1072 4089 1162 4152 sacto
1194 4106 1270 4150 cum
1305 4085 1463 4149 Haterius
1492 4095 1531 4148 et

332 4210 463 4273 Fronto
487 4210 530 4271 de
554 4208 634 4271 luxu
659 4214 850 4276 coercendo
874 4213 1049 4275 dixissent.
1074 4209 1252 4292 Sequitur:

379 4330 491 4408 ,Inter
515 4347 602 4408 quae
627 4329 666 4392 L.
692 4331 769 4394 Piso
793 4332 959 4396 ambitum
983 4331 1056 4406 sori,
1081 4338 1241 4411 corrupta
1265 4328 1399 4402 iudicia,
1420 4325 1532 4388 saevi-

331 4447 413 4508 tiam
447 4455 617 4511 oratorum
649 4452 882 4514 accusationes
914 4453 1142 4514 minitantium
1172 4450 1350 4530 increpans
1373 4445 1466 4509 abire
1491 4465 1531 4508 se
