3228 5236
658 436 718 516 189

129 610 187 675 Sic
211 612 244 674 in
268 612 387 675 codice
412 619 473 687 est,
497 613 554 693 qui
575 632 655 694 ergo
675 611 906 695 spectaculum
927 613 1026 675 nobis
1045 612 1187 675 exhibet
1208 632 1277 674 ma·

79 730 245 793 nilestum
263 730 493 794 annotationis
512 751 530 794 e
551 731 701 812 margine
720 732 753 793 in
772 739 905 794 textum
923 733 1112 814 transgredi
1131 731 1278 794 conantis

79 852 196 914 etiam.
232 849 316 914 Cum
343 851 432 912 enim
457 851 490 912 in
510 849 700 934 archetypo
721 850 815 914 locus
834 852 880 913 ita
900 860 989 914 esset
1010 852 1154 934 scriptus
1174 851 1276 932 (dabo

80 979 201 1032 autem
233 968 396 1032 linearum
428 970 557 1052 primae
581 971 818 1052 secundaeque
842 973 1082 1034 tantummodo
1106 980 1276 1032 extremas

81 1089 230 1170 partes):

221 1255 617 1271 ........
665 1210 802 1274 nomine
825 1210 918 1274 ciens
1000 1209 1165 1293 praemiis

221 1375 616 1391 ........
662 1328 805 1411 legionis
826 1337 944 1392 sextae
1003 1349 1122 1392 vocans

217 1447 351 1528 signum
376 1448 419 1511 ad
443 1468 521 1510 eum
545 1448 765 1525 transtulerit,

80 1585 194 1629 novus
213 1565 368 1630 librarius
388 1569 534 1650 primum
555 1576 633 1650 post
651 1569 737 1632 ciens
748 1576 857 1632 totam
871 1569 1137 1644 annotationem,
1151 1569 1275 1633 deinde

80 1694 163 1768 post
186 1698 298 1750 sextae
321 1687 445 1749 iterum
470 1687 611 1750 alteram
636 1688 707 1750 eius
731 1697 863 1771 partem
888 1689 921 1752 in
945 1696 1077 1750 textum
1102 1689 1240 1772 r'ecepit.

130 1804 238 1869 Vides
263 1826 330 1868 non
355 1807 474 1869 deesse
499 1807 532 1869 ln
553 1807 670 1870 codice
694 1806 851 1870 Medicco
872 1807 982 1890 priore
1003 1808 1074 1871 eius
1095 1808 1152 1883 rei,
1172 1828 1275 1889 quam

81 1924 253 2002 dicebam,
268 1925 439 2008 praeclara
452 1926 619 2009 exempla.
641 1927 691 1989 At
703 1926 804 2009 longe
816 1926 940 2009 largior
952 1927 985 1989 in
1001 1927 1157 1990 Mediceo
1170 1927 1276 1991 altero

83 2047 204 2108 messis
228 2054 290 2109 est.
604 2121 608 2127 Ι

128 2165 174 2228 Α.
196 2165 274 2240 XII,
298 2183 349 2247 33.
374 2163 461 2246 ,Sed
482 2175 555 2229 tum
567 2174 642 2229 astu
655 2165 807 2229 locorum
821 2165 939 2230 sraude
952 2167 1044 2249 prior
1055 2165 1273 2250 (Caratacus),

82 2285 116 2346 vi
143 2284 287 2347 militum
312 2284 458 2361 inferior,
482 2285 642 2348 transfert
665 2284 792 2349 bellum
818 2287 851 2348 in
875 2285 1097 2350 Ordovicas.”

129 2405 331 2469 Rectissime
348 2406 481 2488 fraude
504 2404 640 2469 seclusit
665 2404 828 2480 Halmius,
854 2407 956 2488 quod,
978 2405 1059 2469 olim
1079 2426 1179 2489 supra
1199 2419 1274 2472 astu

73 2525 258 2620 scriptum,
282 2525 316 2588 in
340 2545 418 2588 eum
442 2533 557 2588 textus
579 2525 692 2589 locum
717 2525 860 2608 irrepsit,
882 2526 939 2588 ubi
961 2525 1037 2589 ferri
1059 2527 1150 2589 nullo
1171 2529 1274 2591 modo

83 2643 201 2726 possit.
224 2641 289 2724 Qui
310 2644 400 2708 enim
420 2643 510 2708 istud
530 2657 604 2708 astu
625 2645 769 2709 locorum
776 2646 910 2729 fraude
921 2645 1110 2709 defendunt
1123 2646 1236 2721 etiam,
1250 2647 1271 2709 ii

81 2783 185 2825 sanae
211 2765 316 2827 menti
340 2763 489 2827 indicere
513 2762 639 2826 bellum
664 2764 745 2826 mihi
769 2765 910 2846 quidem
934 2765 1092 2828 videntur
1109 2763 1140 2848 ¹).

129 2881 245 2946 Simile
280 2882 373 2964 quid,
410 2903 472 2946 nec
509 2884 618 2946 minus
655 2883 835 2959 funestum,
870 2884 1022 2946 evenisse
1059 2885 1193 2948 videtur
1227 2884 1271 2948 A.

83 3001 180 3078 XIII,
217 3021 264 3082 14.
298 3003 387 3067 Irata
420 3003 548 3066 Neroni
578 3003 771 3086 Agrippina
794 3004 1017 3068 Brittanicum
1040 3024 1077 3067 se
1101 3006 1143 3067 ad
1168 3005 1274 3087 impe·

83 3123 170 3185 rium
195 3131 391 3187 vocaturam
417 3123 580 3186 minatur:

132 3241 278 3320 ,Ituram
302 3262 379 3304 cum
404 3241 460 3305 illo
484 3243 518 3305 in
543 3250 670 3317 castra;
691 3243 864 3305 audiretur
883 3240 962 3304 hinc
983 3241 1176 3306 Germanici
1196 3243 1275 3319 filia,

82 3361 162 3424 inde
194 3360 315 3425 debilis
342 3359 464 3425 Burrus
491 3369 525 3424 et
549 3360 627 3423 exul
652 3359 792 3436 Seneca,
818 3369 937 3424 trunca
960 3361 1088 3424 scilicet
1113 3382 1214 3425 manu
1239 3371 1274 3426 et

83 3480 285 3562 professoria
308 3480 423 3564 lingua
446 3481 578 3563 generis
601 3479 739 3542 humani
765 3480 915 3562 regimen
939 3480 1229 3563 expostulantes.''

129 3599 218 3662 Num
243 3601 429 3681 quidquam
454 3618 603 3680 unquam
627 3572 790 3680 scriptum
814 3607 866 3661 est
890 3597 988 3660 simul
1008 3597 1042 3660 et
1062 3598 1219 3662 disertius
1238 3600 1272 3662 et

83 3719 190 3800 magis
215 3715 450 3802 perspicuum?
476 3717 554 3781 Non
579 3725 694 3780 tamen
720 3716 984 3799 pulcherrimum
1008 3715 1096 3779 istud
1121 3717 1270 3781 hinc....

83 3901 278 3912 ——-—

122 4009 150 4074 1)
174 4009 251 4070 Quod
272 4009 305 4058 ad
324 4009 481 4074 peculiarem
499 4009 572 4058 illam
590 4005 748 4058 substantivi
767 4013 828 4054 astu
846 4005 1064 4070 significationem
1082 4005 1135 4072 (ars
1154 4007 1270 4072 eligendi

82 4095 170 4159 campi
194 4096 246 4145 suis
265 4094 392 4144 militibus
410 4095 477 4161 apti)
497 4096 621 4160 pertiuet,
639 4093 672 4143 ci.
692 4093 727 4142 H.
747 4092 780 4140 V.
802 4102 848 4154 17:
869 4107 953 4157 „quae
971 4092 1103 4157 provideri
1122 4099 1178 4143 estu
1196 4093 1270 4144 ducis

82 4181 235 4247 oportuerit,
259 4181 374 4247 provise,
397 4197 504 4246 campos
527 4181 662 4231 madentes
686 4185 713 4228 et
737 4177 802 4242 ipsis
827 4193 930 4248 gnaros,
947 4179 1066 4229 hostibus
1084 4178 1203 4245 noxios,''
1223 4180 1269 4244 qui

82 4269 157 4318 locus
179 4268 318 4318 admonere
343 4268 446 4319 videtur
464 4276 493 4319 ut
511 4269 553 4318 hic
571 4267 617 4334 (A.
637 4266 699 4332 xn,
721 4263 767 4331 33)
786 4266 899 4314 locorum
919 4281 1024 4330 quoque
1043 4265 1189 4332 deleamus3
1208 4281 1268 4315 nam

77 4355 180 4419 fraude
202 4355 315 4402 Iocorum
340 4355 413 4404 vocis
438 4363 498 4404 astu
522 4355 559 4404 sic
578 4352 711 4402 adhibitae
730 4365 783 4400 non
803 4349 922 4414 ineptum
941 4357 980 4400 est
999 4351 1268 4417 interpretamentum.

84 4439 136 4489 Sed
154 4437 260 4489 tortasse
271 4439 376 4504 fraude
393 4439 480 4490 delere
499 4440 601 4489 sufficit.
