3248 5230
911 441 973 509 252

348 607 485 680 visatur,
521 606 773 688 degeneretque
808 607 928 670 studiis
962 607 1111 670 externis
1141 605 1297 668 iuventus
1329 653 1447 669 ......
1480 606 1535 670 An

346 726 511 788 iustitiam
536 726 650 807 augeri
674 733 709 789 et
733 726 886 789 decurias
908 727 1062 808 equitum
1083 725 1256 806 egregium
1276 725 1447 790 iudicandi
1468 747 1538 788 mu·

346 863 411 907 nus
435 843 641 927 expleturos,
665 845 691 906 si
717 843 840 908 fractos
864 865 966 908 sonos
990 852 1024 907 et
1048 843 1264 907 dulcedinem
1288 863 1410 907 vocum
1431 845 1538 925 perite

347 961 553 1027 audissent.'’

392 1082 501 1144 Totus
530 1081 585 1144 hic
616 1081 710 1144 locus
740 1082 773 1145 in
806 1082 924 1145 codice
955 1082 1190 1145 vitiosissimus
1220 1089 1281 1144 est.
1306 1081 1379 1144 Iam
1403 1081 1538 1163 egregia

346 1202 588 1264 emendatione
619 1200 755 1284 Lipsius
779 1201 942 1266 iustitiam
965 1201 1087 1285 augeri
1109 1200 1206 1264 dedit
1229 1220 1291 1282 pro
1315 1200 1462 1264 absurdo
1485 1201 1537 1263 ius

342 1323 418 1386 titia
437 1322 586 1404 augurii,
608 1341 718 1402 neque
738 1331 914 1403 praeterea
936 1321 1155 1403 Madvigiana
1174 1320 1384 1383 correctione
1403 1332 1534 1384 auctum

343 1443 392 1505 iri
411 1462 497 1524 opus
517 1462 589 1504 esse
608 1442 741 1524 opinor.
762 1442 861 1517 Tum,
876 1450 967 1505 recte
980 1450 1017 1504 ut
1029 1441 1188 1523 equidem
1202 1460 1334 1515 censeo,
1348 1440 1535 1522 Seyffertus

340 1560 533 1643 expleturas
553 1561 698 1623 coniecit
719 1581 779 1644 pro
799 1561 987 1644 expleturos
1005 1569 1040 1623 et
1061 1569 1140 1624 ante
1156 1579 1231 1623 eam
1245 1579 1365 1622 vocem
1379 1559 1535 1622 Halmius

344 1683 484 1745 inseruit
519 1682 649 1757 melius,
685 1682 777 1764 quod
813 1681 1089 1764 supplementum
1126 1679 1208 1742 mihi
1244 1680 1383 1761 quidem
1418 1678 1535 1760 utique

344 1801 569 1864 necessarium
601 1801 745 1863 videtur.
778 1797 846 1863 Sed
872 1819 961 1862 nunc
985 1817 1051 1880 ego
1075 1798 1179 1860 etiam
1202 1797 1237 1860 in
1262 1797 1327 1860 isto
1346 1797 1456 1880 perite
1479 1818 1536 1860 au·

341 1920 466 1983 dissent
498 1919 633 1982 haereo.
670 1918 791 2000 Neque
822 1919 914 1980 enim
945 1916 1135 1999 significare
1167 1936 1208 1978 ea
1239 1915 1344 1978 verba
1375 1922 1536 1997 possunt:

345 2047 539 2120 „tamquam
574 2037 686 2102 callidi
723 2039 766 2100 de
802 2037 968 2100 eiusmodi
1003 2036 1132 2099 artibus
1167 2036 1294 2098 iudices
1328 2034 1536 2110 audissent”,

342 2175 463 2238 neque,
488 2157 515 2218 si
536 2165 685 2238 possent,
706 2157 749 2219 de
770 2176 810 2220 ea
830 2176 865 2218 re
889 2175 978 2218 nunc
999 2156 1119 2237 agitur.
1145 2154 1312 2219 Universa
1331 2163 1446 2217 tamen
1469 2153 1533 2217 loci

339 2275 508 2337 sententia
538 2276 724 2338 admodum
756 2283 807 2338 est
831 2276 1026 2358 perspicua:
1054 2272 1257 2354 „meliusne”
1281 2273 1461 2354 antiquarii
1488 2271 1532 2335 illi

341 2402 462 2476 rogant
507 2394 680 2474 „homines
715 2415 758 2456 ex
793 2395 912 2458 ordine
946 2394 1155 2476 amplissimo
1189 2392 1532 2476 splendidissimoque

340 2514 499 2596 gravibus
529 2515 596 2576 suis
628 2515 661 2576 in
694 2513 866 2597 republica
897 2513 1092 2577 muneribus
1115 2512 1306 2595 fungentur,
1332 2510 1532 2574 melioresne

341 2652 399 2695 eos
424 2632 626 2695 habebimus
649 2632 903 2696 iurisconsultos
922 2642 956 2695 et
977 2633 1113 2707 iudices,
1135 2633 1161 2695 si
1183 2634 1311 2696 ineunte
1329 2644 1436 2696 aetate
1454 2633 1533 2694 ista-

340 2772 414 2814 rum
442 2773 563 2827 rerum‚
588 2772 673 2834 quas
696 2772 785 2815 nunc
808 2752 842 2814 in
866 2753 1041 2815 civitatem
1065 2752 1279 2814 introducere
1304 2752 1420 2814 studet
1442 2753 1533 2833 prin·

338 2891 429 2953 ceps,
461 2871 643 2954 participes
674 2869 840 2934 fuerinti”
873 2870 962 2934 Nam
993 2870 1191 2952 praesertim
1224 2870 1266 2932 de
1291 2869 1330 2932 iis
1354 2870 1454 2932 rebus
1478 2869 1532 2932 hic

338 2990 392 3072 agi
418 2990 637 3072 cogitarique,
662 3010 746 3072 quas
769 3001 881 3054 tenera
904 3002 997 3054 aetas
1019 2989 1175 3054 ludorum
1199 2987 1331 3052 illorum
1352 2989 1532 3052 occasione

338 3108 438 3172 faciet
457 3110 705 3192 spectabitque‚
727 3111 780 3173 vel
802 3131 845 3172 ex
865 3109 915 3185 iis,
936 3130 1023 3192 quae
1039 3110 1233 3173 citavimus:
1259 3109 1532 3191 „degeneretque

337 3229 458 3292 studiis
489 3229 637 3291 externis
665 3228 844 3292 iuventus”
867 3249 969 3311 quam
996 3230 1142 3292 maxime
1165 3237 1319 3310 apparet.
1343 3228 1435 3310 Ergo
1463 3249 1530 3292 non

338 3348 459 3411 dubito
490 3348 571 3428 quin
604 3368 665 3430 pro
690 3350 800 3432 perite
828 3347 1011 3430 legendum
1033 3349 1077 3410 sit
1094 3348 1204 3431 pueri,
1229 3367 1296 3429 qua
1320 3349 1530 3411 correctione

337 3466 508 3531 lenissima
528 3467 668 3530 tandem
688 3466 872 3548 aliquando
891 3475 984 3529 totus
1004 3465 1097 3531 locus
1117 3468 1151 3530 in
1172 3467 1341 3549 integrum
1355 3467 1531 3530 restitutus

336 3587 481 3650 videtur.

381 3824 426 3888 A.
452 3825 548 3901 XIV,
576 3841 629 3906 29.
653 3822 719 3906 Qui
745 3825 908 3888 hactenus
930 3824 965 3887 in
990 3823 1163 3888 Britannia
1187 3824 1402 3907 praefuerant
1425 3823 1530 3908 legio·

337 3945 436 4007 nibus
459 3945 550 4008 haud
573 3944 717 4007 multum
740 3942 972 4025 profecerant:

385 4061 471 4127 »Sed
496 4072 569 4126 tum
595 4063 751 4125 Paulinus
775 4062 958 4127 Suetonius
977 4063 1156 4125 obtinebat
1176 4063 1367 4139 Britannos
1387 4064 1527 4126 scientia

336 4183 476 4245 militiae
509 4189 543 4244 et
576 4201 708 4244 rumore
739 4181 867 4265 populi,
898 4183 955 4265 qui
987 4184 1157 4245 neminem
1182 4183 1253 4245 sine
1277 4182 1412 4246 aemulo
1436 4184 1524 4257 sinit,

337 4300 538 4364 Corbulonis
562 4309 776 4363 concertator
799 4310 1024 4384 receptaeque
1049 4300 1233 4366 Armeniae
1258 4303 1362 4366 decus
1381 4323 1525 4388 aequare

334 4419 473 4482 domitis
496 4419 725 4502 perduellibus
748 4420 921 4504 cupiens.”
