3228 5236
666 453 725 519 231

148 617 313 699 ,Me1a...
338 618 467 682 exolvit
488 639 602 694 venas,
626 619 760 702 scriptis
784 619 957 694 codicillis,
983 619 1105 702 quibus
1128 619 1292 702 grandem

98 739 279 819 pecuniam
304 739 337 801 in
362 737 567 820 Tigellinum
591 758 822 821 generumque
844 740 915 802 eius
936 738 1172 803 Cossutianum
1194 737 1292 822 Capi·

99 865 219 921 tonem
254 858 428 940 erogabat,
465 878 533 940 quo
569 867 682 922 cetera
718 867 905 922 manerent.
948 859 1097 922 Additur
1135 858 1292 922 codicillis

96 990 270 1060 tamquam
289 978 329 1040 de
348 978 522 1060 iniquitate
540 978 637 1041 exitii
653 998 792 1060 quereus
812 979 861 1041 ita
880 978 1074 1059 scripsisset,
1095 998 1131 1040 se
1152 979 1290 1060 quidem

98 1097 186 1160 mori
222 1096 321 1160 nullis
355 1097 510 1179 supplicii
547 1097 664 1171 causis,
701 1097 855 1160 Rufrium
887 1107 1002 1161 autem
1034 1097 1225 1180 Crispinum
1257 1107 1292 1160 et

99 1217 262 1280 Anicium
287 1216 452 1281 Cerialem
477 1218 549 1280 vita
571 1217 634 1280 frui
659 1215 806 1280 infensos
830 1216 1007 1299 principi.”

146 1335 234 1401 Sunt
255 1337 448 1399 etiamnunc
465 1337 523 1418 qui
536 1337 635 1398 istam
648 1337 829 1399 verborum
842 1336 1045 1418 farraginem
1057 1347 1291 1420 concoquant;

99 1457 267 1539 sunt'qui
292 1475 367 1519 eam
391 1455 479 1518 ultro
503 1456 704 1538 perturbent
728 1475 789 1538 pro
812 1457 998 1537 scripsisset
1020 1457 1166 1537 legendo
1189 1458 1292 1538 sarep-

98 1577 190 1650 sisse,
213 1585 250 1638 ut
269 1577 410 1640 additur
430 1595 505 1638 eam
525 1576 671 1658 accipiat
691 1583 905 1650 structuram,
927 1596 1029 1658 quam
1042 1575 1167 1640 habere
1181 1575 1292 1639 solent

98 1697 235 1770 dicitur,
268 1695 401 1759 uidetur
432 1696 542 1757 simm.
578 1693 681 1776 Quasi
714 1715 795 1758 vero
819 1715 888 1757 non
912 1696 955 1758 sit
978 1695 1053 1758 luce
1078 1695 1208 1770 clarius
1234 1697 1291 1759 ubi

98 1817 133 1877 in
169 1816 291 1880 eadem
327 1815 518 1877 narratione
554 1813 589 1877 et
623 1815 665 1877 de
700 1814 858 1878 codicillis
886 1834 997 1878 sermo
1028 1814 1081 1888 sit,
1114 1814 1148 1877 et
1179 1814 1292 1898 aliqu'a

99 1935 194 1998 verbi
226 1935 371 1999 addendi
401 1933 508 1997 lorma
532 1933 674 2016 legatur,
699 1934 743 1996 de
767 1933 857 1997 nulla
881 1933 946 1996 alia
969 1954 1005 1996 re
1029 1933 1075 1996 ibi
1100 1954 1291 1998 sermonem

99 2075 173 2117 esse
194 2074 294 2136 posse
314 2073 416 2135 quam
438 2053 481 2115 de
501 2051 615 2135 aliquo
636 2053 785 2136 ipsorum
798 2052 1031 2116 codicillorum
1043 2054 1291 2117 additamento

98 2174 255 2238 Tandem
280 2173 463 2254 aliquando
486 2172 617 2234 exstitit
631 2173 843 2254 ·Draegerus,
864 2173 921 2254 qui
942 2171 1083 2236 sciolum
1104 2173 1291 2255 deprehen·

101 2293 207 2355 deret.
241 2290 343 2373 Quod
366 2299 480 2354 autem
505 2299 617 2354 totum
641 2290 722 2354 illud
747 2303 916 2373 tamquam
940 2292 979 2355 de
1002 2292 1176 2373 iniquitate
1197 2292 1294 2356 exitii

101 2432 239 2493 querens
258 2411 307 2474 ita
325 2411 512 2492 scripsisset
530 2430 548 2472 e
569 2418 665 2473 textu
687 2411 814 2486 eximit,
837 2410 977 2474 fortasse
992 2413 1131 2475 modum
1144 2413 1290 2476 excedit.

101 2530 137 2596 Si
155 2532 232 2614 quis
250 2531 341 2594 enim
360 2531 495 2593 retineri
515 2550 613 2613 posse
632 2542 801 2612 tamquam
814 2531 854 2594 de
865 2532 1037 2614 iniquitate
1048 2532 1144 2595 exitii
1154 2551 1293 2613 querens

101 2651 298 2726 contendit,
329 2651 489 2733 equidem
522 2670 589 2713 non
623 2669 791 2733 repugn0,
825 2651 1012 2713 dummodo
1044 2649 1123 2714 hinc
1148 2649 1291 2714 lacessat

100 2771 258 2835 codicillis
288 2779 322 2832 et
346 2807 390 2815 —
415 2790 493 2833 nam
517 2771 565 2832 ita
588 2770 725 2832 demum
749 2770 938 2852 apparebit,
964 2771 1022 2851 qui
1047 2769 1117 2832 lieri
1142 2770 1291 2852 potuerit

100 2900 137 2954 ut
160 2899 232 2953 tarn
257 2891 441 2953 immanem
466 2890 511 2952 in‘
524 2890 664 2952 modum
686 2889 739 2951 hic
760 2887 854 2952 locus
872 2897 1145 2972 corrumperetur
1165 2926 1208 2936 —
1229 2909 1290 2972 pro

99 3011 240 3074 additur
257 3008 389 3091 legatur
400 3009 504 3072 addit.
530 3007 709 3090 Scripsisse
722 3029 803 3090 ergo
817 3008 975 3072 Tacitum
986 3010 1147 3072 arbitror:
1165 3010 1289 3089 ,addit,

100 3137 276 3211 tamquam
300 3129 344 3192 de
367 3127 547 3211 iniquitate
568 3127 663 3190 exitii
687 3147 843 3209 querens,
866 3148 902 3191 se
927 3129 1065 3210 quidem
1087 3129 1171 3192 mori
1192 3127 1290 3191 nullis

99 3249 256 3332 supplicii
276 3249 385 3312 causis
397 3269 425 3311 e.
435 3246 524 3330 q.s.”
542 3247 625 3312 Cum
639 3245 744 3310 semel
756 3249 861 3324 addit,
875 3249 968 3331 quod
982 3249 1290 3332 frequentissimum

100 3369 220 3432 vitium
251 3377 313 3444 est,
346 3369 379 3430 in
404 3368 544 3431 additur
568 3367 765 3443 transiisset,
789 3375 903 3432 cetera
927 3370 1042 3433 omnia
1065 3378 1187 3452 sponte
1212 3377 1290 3432 sunt

99 3495 227 3551 secuta.

144 3606 190 3669 A.
227 3605 325 3680 XVI,
363 3623 414 3687 30.
453 3605 590 3687 ,Atque
625 3606 760 3669 interim
796 3605 950 3688 Ostorius
982 3603 1137 3680 Sabinus,
1169 3604 1289 3669 Sorani

99 3735 286 3801 accusator,
319 3726 506 3808 ingreditur
536 3726 733 3808 orditurque
765 3726 808 3789 de
836 3725 985 3789 amicitia
1009 3724 1143 3789 Rubelli
1169 3725 1289 3802 Plauti,

99 3847 261 3929 quodque
304 3845 580 3928 proconsulatum
617 3845 720 3908 Asiae
756 3843 904 3908 Soranus
939 3864 1002 3926 pro
1036 3844 1189 3909 claritate
1225 3847 1289 3909 sibi

101 3965 214 4047 potius
243 3963 546 4028 adcommodatum
571 3983 673 4045 quam
698 3983 741 4025 ex
765 3963 910 4026 utilitate
935 3965 1106 4026 communi
1132 3965 1289 4046 egisset.”

143 4083 226 4148 Vidi
258 4084 424 4147 editorem
457 4084 602 4146 traditae
630 4082 785 4146 lectionis
809 4090 878 4144 tam
903 4091 1070 4159 tenacem,
1095 4092 1131 4147 ut
1155 4084 1218 4146 ista
1242 4085 1289 4148 sic

100 4205 133 4267 in
169 4212 267 4267 textu
302 4223 363 4265 suo
399 4209 615 4286 proponeret.
652 4199 687 4264 Si
723 4200 921 4265 nobilissimi
957 4204 1138 4286 scriptores
1175 4203 1288 4266 Latini

100 4323 180 4387 talia
207 4322 430 4406 protulerunt,
455 4341 519 4403 ego
543 4341 562 4382 a
587 4317 699 4382 literis'
715 4319 848 4384 Latinis
871 4322 1052 4404 ingenuam
1077 4323 1287 4386 iuventutem

102 4444 218 4526 procul
242 4443 425 4506 arcendam
451 4461 583 4505 censeo.
620 4441 759 4503 Dudum
784 4449 835 4504 est
858 4462 901 4504 ex
924 4462 992 4524 quo
1016 4445 1148 4507 saniora
1173 4445 1288 4508 docuit
