3228 5236
673 406 733 488 ¹69

107 591 274 646 recreatur
301 603 411 666 aeger,
439 583 545 647 multo
568 584 693 648 lentius
717 584 797 648 illud
823 585 861 647 fit
886 585 1120 666 difficiliusque
1144 603 1247 665 quam
1271 583 1299 644 si

105 705 236 786 optima
267 723 422 786 quaeque
455 704 499 766 de
526 723 644 766 eorum
668 712 740 767 arte
763 713 887 787 sperat.
912 703 980 768 Sed
1004 705 1056 768 vz's
1081 702 1189 766 morbi
1212 703 1299 765 tristi

106 823 161 886 illa
187 823 349 905 opinione
374 843 441 886 non
466 833 618 906 augetur,
643 843 721 885 nam
746 823 853 887 sicubi
877 823 933 886 illa
958 844 1025 887 vox
1048 823 1181 906 legitur,
1206 842 1300 905 prae·

107 943 222 1004 sertim
246 943 366 1005 addito
389 942 559 1005 adiectivo
579 963 688 1016 saeua,
711 943 753 1005 de
768 943 883 1024 primo
904 942 1012 1006 morbi
1034 943 1154 1024 impetu
1175 941 1301 1022 cogita-

108 1082 191 1124 mus.
230 1062 407 1125 Praeterea
443 1062 533 1144 prius
565 1061 709 1125 edocere
739 1061 892 1144 legentes
922 1082 1059 1125 saevam
1091 1063 1159 1124 vim
1192 1061 1300 1124 morbi

108 1181 219 1257 luisse,
251 1190 323 1245 tum
354 1184 480 1245 addere
512 1184 594 1264 quid
628 1203 704 1246 eam
731 1185 863 1247 auxerit
887 1185 1001 1259 etiarn,
1026 1191 1175 1265 praestat
1198 1201 1301 1264 quam

108 1303 193 1365 duas
225 1301 325 1365 hasce
356 1323 410 1365 res
433 1303 467 1365 in
492 1323 593 1366 unam
618 1303 818 1367 contrahere
841 1302 1091 1365 sententiolam.
1117 1302 1195 1364 Non
1219 1321 1301 1382 ergo

107 1423 182 1483 sine
206 1441 307 1484 causa
328 1423 475 1505 suspicio
499 1422 583 1486 mihi
605 1430 685 1486 nata
709 1431 760 1486 est
782 1423 954 1506 scripsisse
978 1421 1151 1484 Tacitum:
1182 1440 1302 1500 ,saeva
1344 1487 1347 1505 .

107 1541 160 1603 vis
192 1540 300 1604 morbi
332 1541 478 1623 augebat
510 1543 762 1624 persuasionem
794 1542 916 1604 veneni
940 1561 960 1604 a
986 1541 1106 1603 Pisone
1138 1538 1302 1622 accepti.”

109 1661 188 1723 Hoc
221 1660 326 1725 multo
358 1661 477 1724 melius
508 1683 585 1725 cum
613 1660 897 1744 praecedentibus
920 1660 1086 1723 concinit:
1112 1660 1178 1722 iam
1202 1667 1303 1722 antea
1334 1643 1336 1647 ’

108 1801 280 1843 venenum
305 1780 368 1843 sibi
392 1802 413 1845 a
437 1782 558 1844 Pisone
583 1783 700 1844 datum
725 1789 759 1844 et
780 1781 852 1863 ipse
872 1781 1063 1844 crediderat
1085 1779 1304 1844 Germanicus

107 1909 145 1962 et
178 1901 294 1964 amicis
320 1901 470 1976 dixerat;
496 1909 569 1963 tum
593 1921 674 1964 vero
697 1902 770 1984 ipsa
794 1900 903 1970 morbi
929 1921 969 1963 ea
993 1909 1065 1963 erat
1090 1899 1304 1963 vehementia

108 2028 147 2080 ut
181 2019 297 2100 opinio
329 2020 403 2095 ista,
435 2039 522 2101 quae
555 2019 656 2102 paulo
687 2029 797 2096 antea,
824 2026 976 2082 recreato
1000 2020 1066 2082 iam
1092 2018 1304 2093 Germanic0,

106 2139 143 2200 in
178 2140 368 2221 praesentia
398 2139 605 2221 elanguerat,
637 2141 782 2202 novavi
808 2147 1006 2221 resurgeret.
1033 2139 1077 2201 Et
1102 2139 1179 2201 vide
1203 2160 1304 2221 quam

107 2258 248 2339 egregie
273 2278 362 2321 nunc
380 2259 558 2340 sequentia
578 2267 811 2334 annectantur,
833 2280 932 2340 quae,
951 2261 978 2322 si
998 2260 1124 2323 tradita
1144 2260 1307 2322 retinetur

109 2377 228 2452 lecti0,
249 2377 307 2439 vix
327 2379 514 2460 quidquam
535 2397 603 2460 quo
624 2377 809 2441 reserantur
827 2377 972 2441 habent:
991 2387 1043 2458 „et
1056 2378 1311 2460 reperiebantur

110 2499 189 2562 solo
223 2519 263 2562 ac
300 2500 484 2582 parietibus
519 2509 634 2562 erutae
670 2501 893 2563 humanorum
926 2519 1106 2582 corporum
1137 2498 1309 2579 reliquiae,

111 2619 266 2683 carmina
298 2629 332 2682 et
364 2621 564 2683 devotiones
595 2640 624 2682 e.
642 2640 675 2702 q.
692 2619 741 2683 s.”
765 2621 785 2681 i.
800 2641 828 2682 e.
854 2621 988 2701 iamque
1011 2619 1098 2682 adeo
1123 2617 1310 2680 invaluerat

110 2738 171 2803 illa
204 2741 375 2822 persuasio
407 2748 443 2802 ut
475 2747 568 2802 certa
594 2739 729 2802 sceleris
753 2739 1032 2830 conquirerentur
1058 2737 1190 2810 indicia,
1216 2756 1309 2798 mox·

111 2881 184 2942 que
209 2880 326 2922 revera
350 2860 489 2922 inventa
513 2879 553 2921 ea
576 2868 664 2921 sunt.

161 3095 224 3159 III.
248 3097 301 3179 67.
327 3093 460 3160 Silanus
483 3097 749 3179 repetundarum
773 3116 817 3158 ex
836 3096 921 3158 Asia
941 3103 1118 3158 accusatur
1126 3122 1134 3170 ;
1155 3095 1236 3176 quin
1255 3113 1310 3155 ve-

113 3236 194 3280 rum
219 3213 298 3278 illud
325 3214 424 3278 luerit
447 3217 575 3278 crimen
599 3215 738 3279 Tacitus
762 3236 830 3279 non
851 3215 1000 3279 dubitat:
1022 3215 1118 3278 addit
1137 3214 1310 3278 saeuitiam

113 3354 256 3417 quoque
281 3336 352 3397 eius
376 3335 409 3397 in
434 3355 474 3396 eo
499 3335 623 3398 iudicio
648 3335 806 3417 patuisse.
832 3335 877 3396 Et
902 3343 1016 3396 tamen
1037 3334 1097 3396 dat
1117 3353 1255 3416 operam
1275 3340 1312 3394 ut

114 3453 273 3537 legentes
304 3455 351 3517 rei
385 3455 540 3518 misereat
572 3475 756 3537 eorumque
788 3457 822 3518 in
853 3454 1028 3517 Tiberium
1053 3456 1100 3516 ira
1126 3461 1312 3529 moveatur,

112 3582 153 3636 et
179 3573 244 3637 alia
267 3593 537 3636 commemorans
561 3583 596 3638 et
620 3574 722 3638 haec:

167 3712 256 3772 ,non
287 3699 500 3775 temperante
532 3691 680 3770 Tiberio,
713 3695 794 3776 quin
827 3699 996 3775 premeret
1021 3711 1106 3755 voce
1130 3690 1235 3765 vultu,
1260 3712 1311 3766 e0‚

117 3813 217 3894 quod
248 3813 321 3895 ipse
352 3812 555 3877 creberrime
587 3812 826 3894 interrogabat,
855 3831 965 3892 neque
990 3809 1140 3873 refellere
1163 3817 1221 3872 aut
1245 3810 1313 3873 elu-

113 3933 202 3996 dere
234 3931 387 4008 dabatur,
420 3952 459 3994 ac
489 3951 591 4015 saepe
624 3933 725 3995 etiam
758 3929 989 3995 confitendum
1017 3937 1100 4006 erat,
1125 3949 1166 3991 ne
1191 3927 1312 3993 frustra

113 4050 375 4134 quaesivisset.”

167 4168 304 4252 Quanta
335 4169 433 4233 suerit
465 4169 575 4232 Taciti
608 4170 641 4232 in
673 4168 847 4234 Tiberium
878 4172 1038 4254 iniquitas
1070 4168 1122 4233 vel
1149 4186 1234 4230 unus
1258 4164 1313 4228 hic

114 4292 218 4354 locus
240 4289 322 4352 satis
344 4308 513 4371 superque
537 4286 697 4352 declarat.
722 4287 810 4351 Nam
836 4290 934 4353 suerit
958 4291 1114 4353 Tiberius
1138 4287 1191 4350 hic
1212 4285 1313 4370 paulo

115 4409 273 4474 severior
293 4427 394 4490 quam
415 4429 500 4491 opus
513 4415 595 4482 erat,
609 4415 643 4469 at
657 4426 709 4468 res
721 4407 751 4468 ei
765 4415 836 4470 erat
849 4426 925 4470 cum
940 4409 1134 4491 provinciae
1147 4406 1314 4482 carnifice,
