3266 5238
671 432 726 478 l2l

113 595 238 676 gissent,
262 595 383 676 reliqui
408 594 539 658 omissis
564 597 659 678 pagis
679 597 829 678 vicisque
850 599 883 659 in
903 597 1005 660 silvas
1025 594 1296 679 disperguntur’'.

150 714 223 796 Quo
258 714 378 779 ordine
414 715 497 778 haec
532 717 647 779 omnia
677 725 773 799 gesta
804 718 871 780 sint
902 737 920 779 e
953 717 1063 780 Taciti
1096 717 1208 779 verbis
1239 716 1297 778 vix

112 835 235 910 efficias,
260 837 333 917 ipse
358 836 392 898 id
414 844 578 917 exputare
599 837 721 912 debes;
743 838 835 918 quod
856 836 913 900 ubi
933 836 1052 912 fecisti,
1074 857 1127 898 res
1146 837 1208 898 tibi
1229 844 1296 898 stat

111 963 182 1018 ante
211 955 329 1017 oculos
360 954 450 1019 clara
482 956 581 1018 nimis
612 965 715 1038 atque
748 957 940 1040 perspicua:
974 977 1043 1019 non
1074 958 1117 1019 de
1148 956 1297 1038 antiquis

112 1075 266 1138 Romanis
296 1075 380 1139 haec
413 1077 538 1140 narrari
570 1076 633 1140 tibi
665 1078 824 1140 videntur
853 1077 913 1140 sed
944 1078 987 1140 de
1012 1077 1076 1140 illis
1100 1077 1297 1160 aequalibus

111 1196 234 1270 nostris,
271 1197 329 1278 qui
363 1196 526 1259 Romanis
556 1217 593 1259 se
623 1197 749 1259 similes
780 1217 946 1281 paresque
977 1197 1163 1279 gloriantur
1193 1205 1295 1279 atque

109 1316 176 1378 dira
204 1325 294 1378 certe
320 1325 354 1378 et
378 1317 516 1379 immani
542 1315 742 1379 crudelitate
771 1317 870 1399 (quae
895 1317 957 1380 nisi
982 1318 1015 1380 in
1039 1317 1294 1392 abiectissimOS,

108 1436 327 1518 pravissimos,
356 1437 601 1519 ignavissimos,
626 1437 780 1500 homines
804 1438 925 1500 cadere
951 1457 1018 1500 non
1043 1437 1144 1518 solet)
1170 1437 1294 1500 Roma-

108 1576 222 1620 norum
246 1557 411 1639 pessimos
437 1577 597 1639 superare
619 1555 739 1620 solent.
766 1555 804 1619 In
828 1566 952 1620 terram
978 1557 1126 1620 hostium
1147 1557 1294 1620 Romani

105 1676 295 1750 adveniunt,
316 1678 377 1740 sed
397 1678 454 1758 qui
475 1676 676 1741 Chattorum
695 1677 797 1740 armis
816 1677 974 1760 gerendis
995 1697 1092 1759 pares
1109 1685 1187 1738 sunt
1202 1685 1296 1740 trans

106 1795 224 1858 flumen
256 1815 292 1858 se
324 1805 524 1878 receperunt
557 1797 589 1858 in
617 1796 711 1858 locos
734 1796 798 1858 sibi
822 1805 933 1877 aptos.
958 1796 1038 1858 lrati
1065 1796 1210 1858 Romani
1235 1797 1295 1860 im·

104 1914 252 1991 bellibus‚
284 1916 432 1992 senibus,
464 1917 594 1991 sauciis,
627 1918 745 1999 aegris,
778 1919 836 1980 sed
866 1917 999 1980 feminis
1023 1917 1222 1999 praesertim
1245 1918 1296 1980 in·

104 2032 315 2117 lantibusque
337 2035 499 2098 necandis
518 2056 607 2117 quae
628 2055 688 2098 sua
707 2037 750 2098 sit
768 2035 873 2099 virtus
890 2045 1073 2099 ostentant.
1092 2037 1175 2099 Inde
1190 2047 1294 2121 ponte

103 2154 251 2217 traiicere
284 2153 410 2218 flumen
438 2162 573 2218 tentant
597 2156 759 2219 Romani:
785 2157 842 2219 diu
868 2156 907 2219 iis
930 2157 1099 2220 obsistunt
1124 2157 1295 2234 Germani,

105 2294 164 2355 pro
195 2276 259 2336 aris
291 2273 442 2357 locisque
473 2283 675 2357 pugnantes
709 2274 774 2356 Qui
800 2275 857 2337 ubi
882 2275 1059 2357 multiplici
1083 2277 1293 2359 praedonum

104 2413 241 2456 numero
262 2396 383 2457 cedere
404 2403 580 2476 coguntur,
603 2396 696 2476 pacis
716 2394 861 2458 offerunt
882 2395 1105 2470 conditiones,
1127 2416 1211 2478 quas
1227 2395 1297 2478 lupi

103 2512 154 2575 isti
182 2515 246 2576 toti
271 2516 420 2596 praedae
444 2514 613 2577 inhiantes
637 2514 767 2597 (aurum
792 2515 882 2577 enim
906 2515 1016 2578 celare
1040 2514 1096 2578 illa
1119 2514 1296 2578 dicebatur

101 2643 188 2696 terra
219 2632 261 2697 cl'.
294 2634 355 2712 XI,
387 2636 441 2716 20)
473 2643 646 2718 respuunt.
676 2634 775 2697 Nunc
804 2635 961 2716 ,quidam
985 2635 1027 2697 ad
1055 2634 1293 2697 Germanicum

100 2752 313 2836 perfugiunt’'
337 2755 357 2816 i.
379 2774 419 2828 e.,
441 2761 478 2817 ut
497 2774 562 2836 ego
583 2754 715 2835 opinor,
737 2773 822 2816 unus
842 2762 877 2816 et
896 2753 982 2817 alter
1002 2773 1020 2816 e
1041 2753 1163 2836 regulis
1183 2755 1293 2837 pretio

96 2881 197 2954 atque
222 2874 395 2955 promissis
419 2874 551 2956 capitur
576 2875 623 2936 ita
647 2881 685 2936 ut
709 2894 832 2956 magna
856 2893 934 2956 pars
958 2873 1074 2956 populi
1095 2874 1128 2936 in
1148 2874 1292 2936 deditio·

97 3012 173 3054 nem
192 2993 325 3055 venisse
346 2993 511 3056 videatur.
532 2993 583 3055 At
605 2992 734 3075 reliqui,
757 2992 776 3056 i.
790 3013 819 3055 e.
841 2993 904 3075 ipsi
925 2992 982 3068 illi,
999 2994 1056 3075 qui
1074 3013 1155 3077 prae
1171 2995 1292 3057 ceteris

96 3113 220 3174 strenui
252 3121 331 3175 sunt
363 3113 554 3188 bellatores,
589 3133 678 3176 nunc
707 3112 763 3175 illa
789 3121 928 3176 utuntur
952 3115 1125 3197 pugnandi
1150 3115 1290 3191 ratione,

98 3249 183 3311 quae
215 3231 442 3296 funestissima
473 3253 545 3296 esse
576 3231 663 3296 solet
690 3233 876 3298 alienarum
900 3242 1064 3298 terrarum
1088 3237 1291 3319 raptoribus.

98 3348 135 3412 ln
157 3350 389 3414 Romanorum
410 3352 579 3414 dicionem
600 3352 801 3417 Chattorum
823 3355 915 3436 regio
934 3356 1090 3436 pervenit
1106 3377 1288 3439 nunquam.

143 3469 185 3532 A.
210 3470 235 3544 l,
264 3485 403 3554 57—59.
430 3469 527 3553 Quae
556 3473 611 3536 hic
635 3481 812 3535 narrantur
836 3495 952 3537 revera
977 3475 1042 3538 alio
1067 3477 1170 3538 modo
1194 3486 1290 3557 gesta

96 3609 167 3652 esse
192 3589 226 3652 et
251 3611 304 3654 res
327 3593 401 3673 ipsa
425 3591 548 3656 clamat
573 3592 733 3675 (narratio
757 3593 847 3656 enim
872 3594 1037 3656 eiusmodi
1058 3603 1109 3655 est
1130 3601 1166 3654 ut
1187 3613 1288 3655 nemo

96 3709 124 3770 ei
150 3708 252 3772 lidem
277 3711 403 3773 habere
427 3711 545 3794 possit)
567 3711 601 3775 et
621 3713 788 3794 quaedam
811 3710 985 3784 vocabula,
1007 3710 1129 3790 quibus
1149 3710 1287 3773 Tacitus

94 3829 208 3904 utitur,
244 3830 406 3893 indicant.
439 3829 669 3906 Germanicus,
700 3830 745 3893 ab
776 3829 832 3892 illa
863 3829 896 3891 in
929 3829 1129 3891 Chattorum
1161 3837 1285 3893 terram

93 3949 312 4030 expeditione
336 3957 446 4013 castra
469 3970 528 4013 sua
552 3960 710 4034 repetens
733 3950 773 4031 (c.
801 3950 842 4029 56
870 3949 989 4028 ,vertit
1011 3948 1056 4010 ad
1080 3946 1284 4032 Rhenum”),

93 4069 203 4130 medio
235 4069 355 4131 itinere
386 4090 422 4132 se
453 4071 620 4133 convertit
653 4071 693 4152 (c.
720 4083 760 4150 57
797 4067 1018 4148 „Germanico
1050 4069 1195 4152 pretium
1220 4068 1284 4132 luit

93 4191 292 4251 convertere
323 4189 481 4272 agmen'’)
514 4199 550 4252 ut
582 4188 758 4272 Segestem
783 4187 914 4264 liberet,
940 4190 997 4271 qui
1021 4211 1040 4252 a
1066 4189 1284 4273 popularibus

94 4307 366 4383 circumsedetur‚
388 4310 478 4392 apud
500 4329 585 4391 quos
601 4308 776 4372 Arminius
790 4307 902 4389 potior
914 4307 971 4370 illo
984 4317 1066 4385 erat,
1080 4317 1114 4370 et
1131 4316 1285 4391 ,ereptus

94 4425 165 4508 (est)
191 4424 349 4507 Segestes
374 4447 593 4510 magnacum
615 4428 883 4509 propinquorum
904 4435 937 4488 et
958 4426 1130 4491 clientium
1149 4427 1284 4492 manu”.
