3258 5240
682 455 722 522 45

103 622 311 704 designatus,
340 630 460 684 contra
482 622 631 684 studium
656 622 727 683 eius
752 629 938 684 censuerat.
964 618 1165 683 Commotus
1189 619 1299 702 primo

106 739 275 816 Vitellius,
301 761 369 803 non
393 749 508 804 tamen
535 739 621 803 ultra
645 760 747 822 quam
771 740 925 802 tribunos
950 739 1059 822 plebis
1082 739 1116 801 in
1136 736 1300 801 auxilium

103 869 240 941 spretae
265 860 444 942 potestatis
468 861 619 922 vocavit:
646 879 727 923 mox
748 859 981 941 mitigantibus
1002 859 1128 933 amicis,
1149 859 1207 940 qui
1228 856 1302 920 alti-

104 997 201 1040 orem
222 979 430 1042 iracundiam
450 979 521 1041 eius
542 978 756 1053 verebantur,
779 977 860 1040 nihil
882 979 960 1041 novi
981 977 1144 1040 accidisse
1164 996 1302 1059 respon·

105 1097 167 1172 dit,
192 1099 285 1179 quod
309 1098 378 1161 duo
397 1107 572 1161 senatores
591 1099 625 1160 in
646 1118 682 1161 re
703 1097 839 1181 publica
855 1099 1088 1161 dissentirent:
1109 1096 1245 1161 solitum
1265 1117 1301 1160 se

106 1220 211 1281 etiam
236 1217 407 1281 Thraseae
431 1217 697 1282 contradicere’'.

153 1337 287 1400 Revera
316 1337 523 1420 lepidissime
555 1337 685 1400 iocatus
714 1345 765 1400 est
790 1336 948 1400 Vitellius
972 1337 1301 1420 urbanissimnmque

106 1478 144 1520 se
169 1457 349 1539 praestitit,
374 1476 495 1540 neque,
516 1465 553 1519 ut
573 1457 704 1540 opinor,
725 1465 806 1520 tunc
827 1465 930 1530 certe,
950 1464 1023 1518 erat
1042 1476 1101 1518 cur
1122 1456 1300 1538 quisquam

107 1575 262 1640 altiorem
293 1577 365 1640 eius
395 1576 605 1640 iracundiam
637 1584 819 1639 vereretur.
851 1573 953 1657 Quod
975 1583 1091 1638 autem
1115 1573 1302 1637 Thraseam

107 1695 164 1758 hic
190 1696 404 1778 potissimum
429 1696 592 1771 nominat,
617 1715 764 1777 quocum
789 1694 870 1757 olim
894 1695 1084 1777 disceptare
1108 1695 1150 1757 sit
1174 1694 1302 1770 solitus,

109 1813 237 1878 nullam
260 1814 361 1878 aliam
385 1815 431 1877 ob
455 1835 590 1878 causam
614 1814 695 1879 illud
721 1813 758 1877 fit
782 1833 885 1896 quam
909 1815 1001 1896 quod
1027 1815 1130 1897 ipsius
1153 1813 1303 1878 Helvidii

107 1953 206 1996 socer
240 1933 295 1997 ille
331 1933 403 1996 luit.
438 1932 640 1997 Admodum
675 1953 756 2016 ergo
793 1933 908 2016 inepte
943 1933 988 1996 ab
1022 1932 1183 1998 historico
1219 1933 1303 1998 haec

107 2052 298 2116 adduntur:

155 2172 291 2234 Irrisere
316 2170 469 2254 plerique
493 2172 741 2253 impudentiam
764 2171 1014 2248 aemulationis,
1040 2172 1114 2235 aliis
1137 2173 1171 2237 id
1192 2173 1302 2256 ipsum

109 2290 280 2372 placebat,
311 2291 404 2373 quod
437 2291 608 2354 neminem
639 2311 683 2353 ex
714 2291 1003 2374 praepotentibus,
1032 2292 1092 2354 sed
1117 2292 1303 2355 Thraseam

107 2410 154 2472 ad
179 2409 355 2493 exemplar
378 2429 478 2472 verae
501 2409 627 2491 gloriae
651 2408 797 2491 legisset.

178 2528 265 2591 Tam
288 2548 443 2591 severum
467 2528 677 2609 scriptorem,
702 2536 773 2590 tarn
798 2548 915 2610 parum
940 2537 1058 2611 aptum
1079 2529 1161 2591 iocis
1181 2528 1234 2592 vel
1254 2530 1303 2592 in-

108 2647 304 2730 telligendis
336 2647 389 2710 vel
422 2647 596 2711 narrandis
629 2647 686 2710 vix
714 2647 875 2710 credibile
900 2656 951 2709 est
975 2668 1125 2729 unquam
1150 2649 1304 2731 populari

108 2769 168 2832 illa
186 2768 349 2851 loquendi
369 2768 500 2832 ratione
521 2788 617 2831 usum
637 2787 720 2842 esse,
741 2788 809 2849 qua
828 2787 930 2850 saepe
946 2767 1084 2849 aliquod
1100 2768 1303 2831 vocabulum

108 2891 158 2952 ita
194 2889 352 2972 ponimus
387 2897 424 2951 ut
453 2889 564 2971 quivis
595 2888 763 2970 intelligat
794 2907 855 2950 nos
889 2888 969 2951 illud
1002 2908 1070 2951 non
1103 2890 1303 2970 quotidiano

106 3027 211 3071 sensu
242 3027 302 3071 suo
333 3008 393 3070 sed
425 3009 538 3090 potius
569 3009 738 3071 contrario
770 3007 878 3089 accipi
907 3007 1010 3070 velle:
1039 3006 1207 3088 „ironice”
1231 3017 1304 3071 tum

107 3127 204 3209 loqui
236 3128 388 3202 dicimur,
422 3148 540 3210 parum
568 3127 706 3209 quidem
731 3134 897 3201 accurate,
921 3127 982 3189 sed
1007 3126 1225 3210 pervulgatus
1250 3126 1304 3189 ille

107 3255 163 3310 est
195 3247 288 3309 vocis
311 3246 446 3324 εἰρωνεία
471 3256 505 3311 et
530 3266 646 3310 earum
671 3265 758 3328 quae
782 3265 859 3308 cum
883 3245 939 3308 illa
963 3246 1146 3310 cohaerent
1170 3248 1304 3310 abusus.

107 3366 161 3430 At
184 3365 290 3429 semel
312 3375 427 3429 tamen
451 3403 495 3413 -
517 3376 576 3430 aut
601 3387 664 3449 ego
688 3366 771 3448 quid
796 3365 860 3428 sibi
885 3366 966 3428 velit
990 3387 1058 3429 non
1083 3366 1236 3450 intelligo
1260 3403 1304 3413 -

107 3489 159 3550 ita
182 3487 322 3550 Tacitus
345 3506 482 3569 quoque
506 3486 640 3549 locutus
665 3495 726 3549 est.

157 3605 202 3670 H.
229 3606 271 3681 11,
298 3622 349 3688 30.
378 3607 430 3669 De
461 3606 608 3671 Caecina
632 3615 666 3669 et
690 3604 847 3678 Valente,
874 3603 1133 3668 Vitellianarum
1158 3606 1304 3687 partium

106 3726 266 3802 ducibus,
290 3727 374 3789 haec
398 3735 590 3790 narrantur:

158 3844 376 3927 ,Aemulatio
396 3846 556 3910 ducibus:
577 3844 723 3909 Caecina
745 3852 781 3907 ut
801 3842 938 3906 foedum
960 3862 998 3904 ac
1017 3840 1235 3916 maculosum,
1249 3841 1304 3904 ille

105 3977 145 4031 ut
171 3966 341 4028 tumidum
366 3985 405 4028 ac
430 3987 554 4029 vanum
579 3964 783 4028 inridebant.
809 3960 877 4026 Sed
898 3963 1038 4024 condito
1058 3962 1138 4024 odio
1159 3961 1303 4024 eandem

106 4083 295 4149 utilitatem
315 4083 439 4161 fovere,
461 4085 587 4147 crebris
605 4081 756 4167 epistolis
774 4080 897 4164 probra
914 4080 1043 4145 Othoni
1060 4079 1304 4145 obiectantes'’.

154 4203 248 4286 Quid
280 4212 332 4267 est
361 4204 496 4267 eandem
527 4203 703 4267 utilitatem
727 4201 873 4284 fovere?
904 4200 1018 4264 Vertit
1042 4201 1209 4264 Ritterus:
1237 4200 1303 4281 ,sie

105 4322 302 4404 verlolgten
334 4322 489 4385 dasselbe
519 4319 718 4386 Interesse''.
744 4319 811 4384 Sed
837 4320 1016 4383 verisimile
1041 4341 1108 4384 non
1133 4329 1184 4384 est
1207 4319 1305 4382 Taci-

104 4453 183 4508 turn
215 4461 288 4504 rem
319 4448 390 4503 tam
421 4443 580 4506 usitatam
612 4451 682 4504 tam
707 4439 883 4520 exquisitis
906 4439 1095 4522 appellasse
1119 4439 1305 4503 vocabulis.
