3228 5236
893 441 955 521 156

324 619 479 682 decretis.
513 619 580 684 Sed
613 621 688 702 quis
719 621 836 684 credat
867 641 945 684 eum
977 631 1105 683 cunctos
1131 619 1246 682 necari
1267 619 1401 682 iussisse
1424 620 1515 701 quod

324 749 413 804 esset
443 741 604 804 irritatus
633 742 827 826 suppliciis?
859 741 1083 804 Barbarorum
1116 740 1315 802 immanium
1343 741 1434 803 istud
1459 748 1518 814 est,

324 860 377 924 vel
409 861 522 943 potius
550 860 695 924 ierarum
719 861 915 937 bestiarum,
940 882 1008 925 non
1032 860 1190 936 hominis,
1214 881 1317 942 quem
1341 861 1384 923 ad
1409 869 1519 924 extre-

324 999 414 1042 mam
447 1001 553 1062 usque
583 989 794 1044 senectutem
826 1001 928 1044 sanae
955 980 1156 1062 sobriaeque
1188 980 1310 1043 mentis
1333 983 1519 1044 admodum

308 1099 468 1171 ¹multum
499 1099 675 1163 retinuisse
708 1100 761 1163 vel
794 1120 859 1163 una
884 1099 939 1164 illa
965 1103 1177 1164 demonstrat
1201 1100 1345 1182 epistola
1369 1101 1519 1182 capitum

327 1231 342 1298 5
368 1238 431 1300 sq.,
456 1239 558 1300 quam
584 1219 686 1282 modo
710 1218 932 1282 laudavimus.

369 1335 436 1401 Sed
460 1339 541 1419 quid
566 1339 728 1401 adversus
752 1337 909 1401 Tacitum
933 1339 976 1402 ad
1001 1346 1190 1401 extremam
1214 1337 1342 1401 Tiberii
1367 1359 1518 1421 provoco

322 1455 555 1521 senectutem?
591 1457 652 1520 Illo
685 1458 775 1520 enim
806 1437 894 1520 teste
926 1479 968 1521 ne
1001 1459 1132 1540 integra
1162 1459 1301 1540 quidem
1333 1467 1447 1522 aetate
1479 1479 1519 1521 ac

323 1575 518 1639 valetudine
539 1577 582 1659 (v.
604 1576 697 1641 Suet.
719 1576 795 1639 Tib.
816 1598 844 1640 c.
870 1577 919 1660 11)
940 1577 1096 1640 Tiberius
1116 1577 1215 1640 ullius
1232 1598 1381 1660 unquam
1399 1599 1519 1661 peper-

324 1697 370 1760 cit
402 1696 502 1778 vitae,
535 1717 637 1779 quem
669 1698 712 1761 de
741 1698 854 1760 medio
878 1697 951 1760 tolli
976 1719 994 1761 e
1018 1719 1078 1761 sua
1102 1719 1137 1761 re
1162 1718 1235 1760 esse
1258 1699 1441 1761 statuisset.
1468 1699 1521 1761 In-

325 1817 418 1899 spice
451 1819 554 1881 modo
586 1837 614 1880 c.
648 1834 700 1892 21,
731 1818 787 1881 ubi
812 1819 986 1899 quomodo
1010 1817 1280 1893 mathematicos,
1304 1838 1390 1900 quos
1415 1839 1523 1881 vanos

324 1936 623 2019 fraudulentosque
638 1912 870 2020 cognovisset,
891 1940 934 2002 de
956 1938 1096 2021 rupibus
1115 1938 1203 2001 deici
1220 1938 1375 2001 Tiberius
1387 1939 1522 2001 iusserit

324 2055 476 2138 legimus
502 2057 622 2139 Neque
647 2058 750 2121 semel
776 2078 853 2120 eum
877 2057 941 2121 hac
965 2059 1096 2120 ratione
1120 2079 1217 2121 usum
1241 2059 1301 2121 sed
1322 2059 1521 2141 saepissime

324 2195 367 2236 ex
391 2177 465 2257 ipso
489 2177 690 2240 narrationis
713 2177 825 2240 initio:
855 2178 1006 2259 „quoties
1026 2198 1127 2260 super
1147 2177 1206 2240 tali
1227 2179 1366 2260 negotio
1385 2178 1521 2241 consul·

323 2294 433 2358 taret”
457 2295 665 2358 efficeremus
686 2345 804 2360 ......
825 2298 887 2359 nisi
908 2296 1105 2361 incredibile
1127 2297 1225 2361 nobis
1246 2299 1417 2361 videretur
1438 2300 1520 2361 vivo

322 2413 426 2476 etiam
447 2422 481 2477 et
501 2414 689 2497 imperante
711 2415 868 2498 Augusto
888 2425 1021 2479 tantum
1042 2416 1174 2480 licuisse
1195 2416 1333 2492 homini,
1352 2417 1410 2498 qui
1428 2418 1520 2480 adeo

322 2542 411 2596 esset
441 2535 638 2616 imperatori
662 2544 845 2618 suspectus
877 2536 930 2599 vel
962 2537 1099 2612 invisus
1131 2545 1168 2600 ut
1198 2557 1219 2599 a
1245 2536 1460 2617 ,voluntario
1484 2540 1519 2600 in

323 2654 465 2717 insulam
489 2676 668 2718 amoenam
691 2655 847 2719 secessu'’
868 2656 926 2738 (sic
947 2657 1037 2718 enim
1057 2656 1195 2720 exilium
1215 2656 1297 2720 illud
1319 2658 1521 2722 diuturnum

322 2774 518 2856 appellabat
542 2775 708 2858 Tiberius)
734 2777 764 2838 ei
789 2797 850 2859 per
874 2776 997 2840 multos
1020 2797 1128 2840 annos
1151 2777 1261 2840 redire
1285 2797 1352 2840 non
1376 2779 1524 2859 permit-

321 2902 458 2969 teretur,
483 2894 562 2957 licet
586 2894 795 2977 supplicibus
818 2895 927 2958 adiret
951 2895 1145 2977 Augustum
1169 2894 1335 2977 precibus.

368 3015 443 3078 Hoc
473 3024 588 3078 tamen
616 3023 761 3090 constat,
784 3016 828 3077 ad
853 3015 989 3078 ultimos
1013 3014 1140 3078 Tiberii
1164 3034 1271 3078 annos
1295 3035 1371 3077 cum
1397 3035 1523 3096 perve-

322 3135 409 3196 nerit
437 3134 586 3210 Tacitus
612 3155 812 3198 coacervare
836 3156 913 3198 eum
938 3135 1053 3198 omnia
1076 3154 1299 3217 quaecunque
1323 3134 1524 3216 legentibus

322 3275 424 3336 quam
457 3255 605 3317 maxime
628 3256 772 3318 invisum
797 3255 1022 3336 odiosumque
1046 3255 1235 3337 principem
1261 3254 1417 3329 reddant,
1444 3262 1523 3318 tum

321 3373 502 3456 praecipue
526 3393 665 3456 operam
689 3374 769 3436 dare
793 3395 871 3436 eum
896 3383 932 3437 ut
957 3373 1082 3456 ubique
1105 3372 1366 3447 simulationem,
1386 3370 1525 3453 gloriae

320 3494 480 3568 studium,
505 3494 640 3558 aliudve
659 3495 869 3577 suspicemur
889 3495 1012 3558 mentis
1032 3494 1161 3568 vitium,
1182 3492 1262 3556 licet
1282 3512 1324 3554 ne
1344 3490 1525 3557 levissima

321 3614 459 3696 quidem
478 3615 567 3677 adsit
586 3613 706 3696 culpae
725 3615 865 3696 species,
886 3615 946 3676 sed
967 3615 1081 3677 omnia
1099 3612 1246 3694 aliquam
1264 3610 1335 3674 eius
1351 3611 1522 3677 virtutem

320 3735 500 3816 designent
524 3735 646 3817 potius.
673 3733 778 3797 Velut
802 3732 866 3796 hoc
891 3741 942 3796 est
966 3734 1059 3814 quod
1083 3753 1111 3795 c.
1136 3745 1177 3812 45
1205 3738 1373 3794 narratur:

370 3855 485 3934 „Idem
516 3875 625 3919 annus
646 3854 740 3937 gravi
765 3854 842 3935 igne
867 3852 986 3916 urbem
1010 3851 1136 3928 adficit,
1161 3852 1280 3915 deusta
1303 3857 1401 3932 parte
1424 3850 1526 3927 circi,

320 3994 406 4055 quae
432 3974 606 4037 Aventino
630 3973 799 4056 contigua,
825 3972 968 4055 ipsoque
991 3969 1200 4034 Aventino.’'

365 4091 455 4174 Quid
480 4101 552 4154 tum
577 4091 750 4155 Tiberius?
771 4093 894 4173 Ingens
914 4091 995 4154 illud
1017 4092 1178 4154 damnum
1199 4107 1332 4151 summa
1352 4106 1527 4170 compen-

318 4212 406 4275 savit
420 4210 630 4292 benignitate
645 4211 952 4292 munificentiaque.
965 4209 1158 4274 Laudarine
1172 4228 1259 4271 nunc
1273 4225 1350 4270 eum
1364 4228 1384 4269 a
1393 4205 1528 4274 Tacito

319 4329 438 4413 putas?
459 4330 569 4390 Immo
590 4349 688 4392 vero:
710 4330 793 4392 haec
815 4349 951 4411 quoque
971 4349 1024 4392 res
1041 4327 1221 4391 accusandi
1239 4323 1524 4408 reprehendendi

320 4448 567 4530 perstringendi
601 4448 742 4531 praebet
770 4449 799 4510 ei
828 4447 1034 4511 facultatem.
1060 4446 1115 4511 Sic
1139 4446 1229 4508 enim
1255 4465 1356 4527 porro
1381 4459 1524 4516 narrat:
