3248 5230
864 418 929 485 294

299 583 385 647 solet
406 603 475 646 non
497 581 684 644 infinitivus
702 581 763 643 sed
784 583 996 645 accusativus
1016 583 1146 665 aliquis,
1167 582 1208 647 cf.
1229 583 1494 665 Thucydideum

299 703 382 767 illud
407 698 623 776 ἀπαξιούντων
646 699 681 762 τὸ
706 695 804 778 ἔργον.

346 821 440 887 Otho
464 821 532 886 VII
564 820 698 884 Annius
727 819 842 884 Gallus
866 842 968 904 opem
993 820 1182 906 Spurinnae
1205 822 1332 886 laturus
1357 823 1496 886 Placen·

300 943 383 1006 tiam
408 939 642 1024 proficiscitur,
667 941 727 1004 sed
750 941 809 1003 ubi
830 940 962 1023 pulsum
984 943 1063 1005 inde
1082 963 1104 1004 a
1122 941 1292 1025 Spurinna
1312 941 1496 1006 Caecinam

302 1063 368 1125 iam
401 1060 605 1125 Cremonam
629 1081 827 1144 oppugnare
852 1063 1024 1143 cognovit,
1049 1081 1090 1124 eo
1115 1063 1178 1125 iter
1201 1061 1304 1125 vertit
1327 1071 1362 1124 et
1386 1082 1496 1146 prope

303 1181 417 1244 hostes
448 1188 559 1242 castra
583 1179 690 1263 ponit,
714 1177 826 1242 ἔπειτοο
852 1179 903 1242 sal
928 1185 987 1242 τῶν
1012 1177 1119 1244 ἄλλων
1142 1177 1272 1250 ἕκαστος
1297 1185 1495 1260 στρατηγῶν.

303 1297 370 1374 Sic,
402 1307 439 1362 ut
470 1299 601 1381 opinor,
634 1299 783 1362 narravit
815 1299 1030 1363 Plutarchus:
1063 1301 1191 1383 primus
1222 1301 1356 1364 Annius
1379 1300 1497 1364 Gallus

303 1419 431 1502 (πρῶτον
455 1415 512 1494 μὲν
532 1415 654 1488 ’Ἄννιος
675 1413 823 1502 Γάλλος),
844 1419 968 1482 deinde
989 1420 1093 1482 ceteri
1114 1440 1250 1502 quoque
1270 1421 1374 1483 duces
1386 1440 1496 1504 prope

304 1539 418 1602 hostes
453 1547 488 1601 et
523 1558 630 1620 prope
667 1537 870 1602 Cremonam
907 1547 1092 1622 posuerunt
1127 1547 1247 1602 castra.
1281 1538 1369 1601 Nam
1401 1539 1495 1620 quod

304 1679 392 1723 nunc
413 1658 551 1740 legitur:
573 1654 685 1720 ἔπειτα
706 1655 758 1720 sal
780 1661 839 1720 τῶν
860 1654 966 1720 ἄλλων
987 1653 1120 1728 ismarae
1139 1657 1257 1735 ἐβοήθει
1270 1659 1312 1737 τῷ
1326 1659 1496 1736 στρατηγῷ

304 1780 419 1862 inepte
453 1778 637 1860 repetitum
670 1786 721 1840 est
753 1797 771 1839 e
803 1779 1086 1860 praecedentibus
1112 1777 1234 1848 Ἄννιος
1265 1775 1390 1848 Γάλλος
1422 1777 1497 1857 πρὸς

304 1895 505 1962 Πιοικευτιόιυ
531 1892 685 1977 Σπουρθνρι
708 1895 835 1973 βοηθῶν,
859 1906 1037 1980 totamque
1061 1899 1237 1982 perturbat
1258 1899 1498 1962 narrationem.

307 2019 444 2083 Etenim
464 2016 587 2095 βοηθεῖν
607 2017 649 2095 τῷ
668 2017 836 2095 στρατηγῷ
857 2018 891 2080 in
913 2019 977 2081 hoc
998 2027 1161 2082 contextu
1183 2017 1264 2082 nihil
1284 2018 1376 2082 aliud
1395 2019 1500 2101 signi-

306 2141 406 2204 ficare
431 2148 546 2224 potest
569 2159 689 2222 quam:
715 2137 914 2220 Spurinnae,
938 2139 1144 2203 Placentiam
1165 2138 1373 2213 defendenti,
1394 2160 1498 2222 opem

306 2259 408 2334 lerre;
434 2266 469 2322 at
493 2258 592 2320 nobis
615 2258 682 2320 iam
707 2275 760 2320 res
783 2265 834 2320 est
858 2277 935 2321 cum
961 2257 1133 2322 Cremona.

351 2377 445 2442 Otho
469 2378 501 2440 X
540 2375 715 2440 Brixillum
746 2377 879 2440 rediens
910 2375 1004 2440 Otho
1035 2386 1069 2440 et
1101 2377 1165 2440 alia
1195 2378 1351 2460 peccavit
1373 2388 1409 2442 et
1432 2379 1501 2443 hoc

307 2499 400 2581 quod
431 2495 500 2568 τοὺς
533 2494 816 2575 ἐρρωμενεστάτους
850 2493 903 2558 aa}
936 2493 1186 2576 προθυμοτάτους
1207 2495 1245 2559 δι’
1269 2497 1362 2561 adria
1386 2498 1500 2569 ἱππεῖς

307 2617 360 2682 καὶ
392 2616 502 2699 πεζοὺς
533 2616 716 2694 mmmm
750 2615 898 2695 Φυλακην
927 2620 981 2680 τοῦ
1014 2616 1157 2694 οιθμοιτος
1188 2616 1320 2698 θοπερεθ
1350 2641 1380 2682 τι
1405 2623 1501 2694 σῶμα

307 2745 363 2811 τῆς
388 2736 546 2813 δυνάμεως
571 2735 727 2814 ἀπέκοψε.
753 2737 854 2800 Haud
878 2737 981 2800 dubie
1006 2741 1098 2814 οῶμοι
1118 2739 1234 2822 inepte
1255 2760 1273 2802 e
1294 2741 1504 2822 praeceden-

308 2859 399 2924 tibus
430 2866 481 2920 est
513 2858 706 2941 repetitum.
740 2857 853 2941 Ipsam
885 2877 1017 2934 vocem,
1043 2879 1145 2941 quam
1170 2859 1368 2923 Plutarchus
1392 2860 1505 2937 dedit,

310 3000 377 3045 non
398 2987 545 3064 praesto,
566 2980 625 3043 sed
647 2979 827 3060 requiritur
847 2977 948 3042 validi
970 2979 1108 3042 alicuius
1128 2987 1163 3041 et
1185 2979 1348 3061 pugnacis
1363 2979 1509 3043 membri

310 3099 449 3164 mentio
481 3098 527 3160 Et
558 3107 595 3160 ut
625 3097 735 3160 omnis
767 3097 935 3160 eximatur
962 3097 1132 3160 dubitatio
1155 3097 1236 3179 quin
1261 3098 1294 3160 in
1319 3098 1383 3160 hac
1407 3106 1504 3162 certe

311 3229 406 3305 parte
432 3219 582 3302 (omnino
605 3219 639 3281 in
664 3219 753 3281 Vitis
775 3238 878 3301 saepe
901 3218 1029 3282 factum
1049 3217 1130 3281 illud
1151 3219 1213 3302 est)
1233 3238 1437 3302 permagnus
1456 3221 1505 3284 sit

310 3359 469 3403 numerus
500 3339 651 3403 locorum
686 3338 733 3402 ita
764 3348 1000 3422 corruptorum
1031 3347 1067 3402 ut
1098 3337 1264 3402 vocabula
1295 3347 1354 3402 aut
1384 3360 1405 3402 a
1439 3359 1506 3404 sua

310 3462 344 3524 in
377 3469 475 3524 textu
506 3460 587 3523 sede
618 3458 850 3521 aberraverint
882 3466 940 3521 aut
964 3478 982 3520 e
1007 3459 1156 3540 margine
1181 3457 1214 3520 in
1238 3466 1372 3521 textum
1396 3467 1505 3541 atque

310 3581 398 3645 adeo
429 3579 462 3643 in
493 3578 641 3642 alienum
672 3585 786 3641 textus
817 3577 929 3640 locum
961 3578 1165 3660 irrepserint,
1198 3586 1266 3640 tres
1297 3578 1351 3640 hic
1374 3578 1506 3642 addam

311 3701 440 3764 dudum
476 3699 543 3761 iam
578 3697 623 3760 ab
658 3695 730 3760 aliis
765 3697 808 3760 ad
844 3697 989 3760 eandem
1025 3715 1179 3759 normam
1211 3705 1392 3760 correctos.
1424 3695 1505 3779 Quo

313 3819 420 3882 maior
450 3819 541 3882 enim
572 3816 627 3880 hic
657 3815 795 3880 affertur
826 3836 985 3879 numerus
1016 3835 1057 3878 eo
1089 3814 1216 3878 firmior
1247 3813 1285 3878 fit
1308 3834 1505 3898 compages

313 3937 400 4004 Sunt
418 3945 533 4000 autem
553 3945 622 4000 tres
642 3937 717 4000 illae
738 3936 995 3999 emendationes
1014 3935 1230 4010 certissimae,
1244 3943 1278 3997 et
1287 3936 1374 3997 duae
1388 3955 1504 3998 earum

313 4077 445 4120 summa
470 4064 610 4138 propter
633 4055 820 4119 inventoris
843 4074 986 4118 acumen
1011 4055 1133 4136 dignae
1156 4054 1392 4117 admiratione.

358 4175 469 4240 Galba
500 4173 560 4237 IV.
598 4173 707 4236 Galba
737 4193 757 4236 a
789 4173 935 4238 Vindice
966 4175 1128 4238 invitatus
1159 4181 1196 4235 ut
1227 4174 1260 4236 in
1292 4191 1328 4235 se
1360 4172 1503 4255 recipiat

313 4295 502 4378 imperium,
535 4309 612 4354 cum
642 4291 760 4355 amicis
788 4292 969 4369 deliberat;
995 4293 1040 4356 ibi
1065 4291 1186 4355 Vinius
1214 4293 1313 4374 ,quid
1338 4291 1503 4356 delibera-

315 4433 399 4492 mus»,
423 4413 487 4476 ait:
521 4409 555 4473 τὸ
580 4410 642 4488 γὰρ
668 4410 769 4492 ζητεῖν
794 4410 907 4489 Νέρωνι
934 4412 958 4475 εἰ
983 4411 1085 4475 πιστοὶ
1110 4415 1263 4489 μενοῦμεν
1287 4411 1341 4476 οὐκ
1367 4411 1422 4487 ἤδη
1446 4435 1503 4488 με·
