3228 5236
16 233 17 268 r

15 599 17 650 l

144 649 207 712 Hic
240 648 386 730 primum
411 647 552 710 dubium
578 667 645 710 non
670 655 721 710 est
746 648 826 729 quin
852 667 968 709 verum
992 646 1114 709 viderit
1140 645 1293 710 Ritterus

103 788 203 832 vocem
234 787 310 830 eam
342 786 410 830 non
442 767 656 850 imperatoris
688 768 747 830 sed
775 765 886 828 fratris
910 767 980 828 eius
999 765 1117 840 tuisse,
1141 785 1289 848 ergoque

103 887 136 950 L.
156 887 280 950 Vitellii
298 905 371 948 esse
392 885 591 967 legendum:
614 885 738 948 namsi
759 885 803 948 ab
824 886 897 967 ipso
918 885 1121 967 imperatore
1141 885 1290 948 crudelia

15 1009 17 1152 Ι
102 1004 154 1068 illa
172 1005 277 1068 verba
296 1006 515 1088 pronuntiata
535 1005 683 1080 fuissent,
706 1004 751 1066 nil
772 1024 857 1087 opus
877 1004 993 1068 luisset
1012 1003 1078 1067 alia
1090 1013 1289 1086 argumenta

15 1157 18 1268 ι
103 1123 214 1186 afferre
239 1125 281 1187 ad
304 1124 606 1188 demonstrandum
627 1123 789 1187 credibile
809 1143 881 1186 esse
904 1123 989 1186 illius
1009 1124 1098 1186 iussu
1120 1144 1288 1188 venenum

103 1241 228 1307 datum:
251 1263 331 1326 prae
351 1243 415 1306 illis
436 1246 526 1307 enim
543 1243 627 1307 haec
640 1245 826 1308 admodum
840 1244 972 1308 infirma
984 1245 1090 1307 videri
1104 1244 1288 1308 debebant.

103 1361 168 1425 Iam
197 1365 291 1445 quod
321 1364 364 1427 ad
396 1363 581 1426 absurdum
605 1363 686 1427 illud
712 1364 812 1427 nobili
829 1364 955 1447 gaudio
979 1365 1136 1445 pertinet,
1161 1384 1223 1446 pro
1246 1383 1288 1427 eo

102 1482 233 1545 notabili
258 1483 384 1566 gaudio
414 1482 497 1564 legit
529 1482 690 1565 Faernus,
716 1484 910 1546 coniectura
934 1482 1195 1566 elegantissima,
1221 1503 1288 1566 qua

101 1609 209 1664 tamen
242 1601 323 1664 mihi
355 1601 449 1665 locus
480 1603 514 1665 in
539 1604 708 1686 integrum
733 1601 862 1665 restitui
887 1623 954 1666 non
980 1603 1124 1667 videtur.
1151 1603 1288 1667 Etenim

101 1720 183 1783 istud
200 1719 339 1784 notabili
352 1722 479 1805 gaudio
498 1722 654 1786 Blaesum
674 1723 813 1800 videndo
832 1730 960 1785 temere
982 1723 1171 1786 deiicientis
1184 1724 1289 1787 verba

102 1841 201 1922 magis
233 1847 284 1902 est
316 1861 418 1922 quam
450 1841 623 1924 eleganter
654 1843 823 1916 struentis,
848 1851 894 1917 et,
919 1862 995 1906 cum
1020 1842 1156 1906 alterius
1179 1843 1290 1907 fratris

15 1919 17 2030 l
101 1960 198 2024 verba
219 1962 384 2044 gaudium
409 1962 570 2025 testantia
595 1981 858 2038 commemoras,
883 1963 1027 2027 alterum
1051 1983 1187 2046 quoque
1203 1985 1289 2047 gau·
1358 1993 1373 2028 ·.

100 2080 220 2144 dentm
256 2079 418 2144 exhibere
452 2080 643 2163 legentibus
676 2081 803 2164 puerile
835 2082 980 2146 videtur.
1017 2080 1177 2165 Suspicor
1208 2082 1288 2147 olim

15 2251 16 2284 ,
101 2201 260 2283 scriptum
292 2201 393 2264 fuisse
423 2201 561 2284 ignobili
586 2202 713 2284 gaudio
735 2219 870 2265 -non
902 2202 1077 2277 aTacito,
1103 2223 1220 2266 verum
1244 2203 1289 2266 ab

15 2323 16 2388 ξ
101 2317 220 2400 aliquo,
252 2320 310 2401 qui
336 2320 425 2383 istud
451 2320 489 2384 L.
515 2320 644 2383 Vitellii
668 2321 784 2403 legens
808 2320 936 2384 dictum
960 2321 1135 2384 continere
1159 2341 1195 2384 se
1220 2342 1287 2384 non

101 2447 221 2518 posset,
254 2439 335 2521 quin
368 2459 445 2502 eum
476 2439 590 2521 aliqua
621 2448 704 2503 nota
734 2449 946 2522 aspergeret:
970 2441 1014 2503 ad
1040 2461 1160 2504 vocem
1185 2441 1286 2516 enim,

100 2575 182 2636 quae
214 2564 264 2620 est
290 2558 434 2640 pavisse,
467 2559 675 2641 adscriptum
708 2558 789 2621 illud
821 2558 957 2641 ignobili
982 2559 1108 2641 gaudio
1132 2543 1287 2624 arbitror.

101 2673 149 2736 De
182 2676 387 2758 imperatore
422 2695 503 2759 ergo
538 2676 622 2740 haec
657 2678 749 2740 dicta
784 2685 929 2741 restant:
967 2678 1118 2758 „addidit
1148 2678 1288 2742 facinori

100 2793 197 2859 fidem
231 2797 386 2860 Blaesum
418 2797 593 2872 visend0,”
620 2815 833 2880 quaequam
858 2798 992 2879 egregie
1017 2798 1050 2860 in
1074 2805 1182 2860 totam
1207 2817 1286 2861 con·

101 2917 232 2979 veniant
253 2917 480 2979 narrationem
501 2917 611 2999 quivis
631 2917 803 2999 perspicit,
824 2917 882 2998 qui
896 2916 1091 2979 ultimorum
1104 2916 1287 2998 Agricolae

100 3035 244 3117 capitum
271 3057 400 3100 memor
424 3045 485 3112 est,
511 3057 529 3098 e
554 3037 677 3118 quibus
701 3036 784 3099 haec
806 3036 1019 3119 potissimum
1039 3036 1143 3100 affero
1163 3037 1286 3120 (c.43):

103 3153 277 3232 ,Ceterum
312 3175 372 3238 per
403 3176 540 3219 omnem
572 3154 795 3219 valitudinem
826 3155 896 3218 eius
928 3156 1077 3219 crebrius
1109 3177 1212 3240 quam
1244 3177 1288 3220 ex

100 3295 189 3339 more
215 3277 422 3359 principatus
447 3297 507 3360 per
531 3278 667 3339 nuntios
692 3276 830 3339 visentis
855 3285 888 3339 et
913 3276 1111 3341 libertorum
1132 3279 1231 3360 primi
1252 3286 1287 3341 et

99 3395 306 3458 medicorum
325 3396 434 3458 intimi
456 3415 589 3471 venere,
611 3397 682 3458 sive
702 3416 781 3458 cura
802 3395 883 3459 illud
903 3396 974 3460 sive
994 3397 1167 3479 inquisitio
1180 3397 1287 3462 erat.”

140 3515 183 3578 H.
206 3516 267 3592 Ill,
288 3533 342 3595 41.
368 3515 545 3580 Vitellium
565 3517 631 3578 iam
653 3516 804 3598 prodidit
824 3516 944 3579 Bassus
956 3516 1071 3580 classis
1084 3517 1286 3599 praelectus,

97 3634 160 3696 iam
192 3635 236 3697 ab
268 3653 309 3697 eo
341 3633 466 3698 defecit
498 3634 661 3731 §aecina3
694 3634 849 3698 Valentis
874 3635 1005 3710 milites,
1031 3638 1123 3717 quod
1149 3638 1285 3700 unicum

98 3757 164 3818 eius
185 3755 400 3839 praesidium,
422 3775 532 3838 neque
552 3755 642 3818 bello
664 3774 761 3837 pares
780 3763 876 3818 erant
897 3733 1006 3837 neque
1023 3755 1176 3839 integrae
1188 3756 1285 3820 fidei:

142 3876 271 3958 ,pudor
301 3883 415 3938 tamen
448 3883 483 3938 et
514 3876 701 3958 praesentis
732 3873 827 3936 ducis
858 3874 1047 3937 reverentia
1079 3875 1284 3952 morabatur,

97 3993 182 4057 haud
215 3995 374 4058 diuturna
407 3993 516 4057 vincla
539 3996 630 4077 apud
655 3994 774 4056 avidos
797 3993 1022 4076 periculorum
1047 4003 1082 4058 et
1106 3995 1284 4059 dedecoris

96 4112 261 4176 securos.”

139 4233 201 4296 Pro
219 4233 366 4296 absurdo
387 4233 452 4297 isto
472 4235 588 4298 avidos
606 4235 757 4298 Fabrnus
770 4233 914 4297 coniecit
921 4237 1072 4317 pavidos,
1086 4236 1281 4313 rectissime,

96 4351 279 4414 dummodo
299 4361 333 4414 et
346 4354 575 4436 periculorum
596 4353 778 4428 deleamus
799 4355 902 4435 quod,
924 4375 1000 4418 cum
1020 4356 1125 4420 semel
1138 4355 1282 4440 pavidos
1345 4431 1350 4442 ι

96 4469 126 4533 in
145 4471 262 4534 avidos
279 4471 428 4549 abiisset,
450 4492 470 4536 a
489 4473 678 4537 semidocto
697 4472 835 4536 homine
856 4482 907 4536 est
927 4475 1135 4558 adscriptum
1157 4497 1197 4540 ne
1216 4497 1283 4541 vox
