3228 5236
845 447 910 497 200

323 615 361 677 In
384 615 456 696 ipsa
476 617 519 679 de
538 615 600 678 illis
616 615 686 680 Silii
702 615 972 696 Messalinaeque
989 613 1155 696 „nuptiis”
1169 614 1359 676 narratione
1373 613 1477 676 insul·

277 736 442 798 sissimam
463 735 558 797 scioli
580 734 866 816 deprehendimus
886 735 1154 797 annotationem.
1171 731 1309 795 Tacitus
1321 733 1474 814 scripsit:

282 855 409 936 „urgeri
435 854 559 936 praela,
582 829 684 918 liuere
705 854 813 930 lacus;
836 863 871 916 et
891 852 1035 916 feminae
1056 853 1201 937 pellibus
1220 853 1393 915 accinctae
1413 853 1475 915 ad·

278 974 467 1049 sultabant;
492 975 565 1056 ipsa
589 974 681 1037 crine
702 973 803 1048 fluxo,
826 973 981 1056 thyrsum
1001 973 1167 1055 quatiens
1189 973 1351 1053 iuxtaque
1371 971 1476 1037 Silius

279 1094 405 1157 hedera
418 1095 559 1168 vinctus,
573 1113 691 1176 gerere
704 1095 897 1168 cothurnos
912 1095 1020 1158 iacere
1034 1102 1145 1176 caput,
1159 1102 1333 1176 strepente
1345 1094 1475 1155 circum

279 1213 413 1297 procaci
435 1212 562 1276 choro'’
582 1212 833 1296 elegantissima
852 1214 1020 1277 brevitate
1040 1215 1074 1276 id
1095 1214 1240 1276 reticens
1256 1214 1348 1294 quod
1361 1214 1476 1294 quivis

279 1354 347 1397 non
378 1334 478 1417 plane
506 1334 663 1396 indoctus
686 1343 809 1417 sponte
833 1335 1007 1397 coniiciat:
1032 1353 1175 1415 quorum
1200 1334 1340 1396 deorum
1364 1332 1475 1394 homi-

281 1474 429 1536 numque
461 1452 571 1528 Silius,
605 1453 796 1530 Messalina,
827 1454 950 1517 chorus
979 1455 1046 1517 sint
1078 1453 1184 1517 suncti
1215 1453 1376 1535 partibus.
1421 1453 1475 1516 At

278 1573 411 1648 sciolus,
443 1581 558 1636 cetera
589 1574 704 1637 omnia
726 1573 861 1636 silentio
886 1574 1170 1656 praetermittens,
1194 1573 1237 1635 ad
1261 1593 1364 1635 unum
1389 1572 1472 1634 illud

201 1661 205 1674 Ι
281 1694 434 1776 feminae
451 1693 593 1775 pellibus
615 1693 777 1756 accinctae
799 1695 995 1756 annotavit:
1023 1702 1078 1773 „ut
1102 1692 1330 1755 sacrificantes
1349 1690 1402 1752 vel
1423 1691 1475 1752 in-

279 1813 450 1876 sanientes
469 1811 655 1887 Bacchae,”
676 1832 763 1894 quae
784 1813 888 1875 verba
907 1813 1034 1894 inepta,
1054 1811 1200 1893 stupida,
1213 1811 1369 1884 absurda,
1382 1829 1477 1872 nunc

283 1931 381 1996 nobis
406 1953 467 2015 pro
491 1931 640 1995 Taciteis
664 1933 899 1996 venditantur!

326 2051 385 2126 XI,
422 2069 472 2133 34.
505 2049 853 2133 Appropinquantem
884 2053 927 2115 ad
952 2052 1070 2115 urbem
1095 2050 1272 2114 Claudium
1298 2049 1478 2112 Narcissus

282 2169 406 2252 aliique
438 2171 472 2232 in
506 2170 721 2233 Messalinam
753 2170 925 2254 instigant,
958 2173 1031 2254 ipsa
1063 2171 1230 2254 precibus,
1255 2171 1370 2232 amicis
1393 2167 1477 2238 alle·

279 2290 418 2371 gandis,
450 2289 564 2352 liberis
594 2289 777 2353 offerendis
809 2290 966 2352 maritum
998 2290 1152 2372 mitigare
1184 2290 1316 2364 studet;
1355 2307 1479 2350 omnes

281 2409 457 2472 Narcissus
480 2408 655 2472 amolitur:

330 2528 523 2608 „Vibidiam
548 2528 718 2610 depellere
743 2530 907 2610 nequivit,
932 2531 1013 2611 quin
1038 2530 1143 2594 multa
1168 2550 1244 2593 cum
1269 2529 1395 2592 invidia
1415 2527 1478 2590 lla·

280 2649 404 2730 gitaret
435 2668 477 2710 ne
510 2647 684 2711 indefensa
716 2625 801 2710 uxoi
832 2649 938 2711 exitio
969 2650 1117 2712 daretur.
1153 2649 1259 2731 Igitur
1281 2650 1479 2711 auditurum

281 2768 471 2851 principem
506 2777 541 2830 et
576 2767 648 2830 iore
683 2769 833 2832 diluendi
869 2769 1017 2831 criminis
1053 2767 1249 2832 facultatem
1282 2767 1479 2850 respondit:

281 2888 344 2950 iret
369 2888 504 2950 interim
528 2896 562 2949 et
586 2907 680 2952 sacra
704 2885 929 2970 capesseret.”

327 3007 503 3088 Virginem
535 3006 710 3070 Vestalem
741 3007 841 3071 fuisse
867 3008 1042 3072 Vibidiam
1065 3027 1094 3070 c.
1121 3023 1160 3090 32
1184 3007 1415 3090 cognovimus,
1440 3015 1481 3068 et

282 3126 406 3190 haecce
430 3127 582 3209 legentes
605 3129 720 3190 statim
746 3130 972 3191 recordamur.
995 3127 1087 3210 Quid
1113 3147 1194 3210 ergo
1217 3127 1274 3189 illo
1294 3126 1396 3191 iacias
1415 3128 1479 3207 qui

282 3246 409 3328 primus
441 3245 506 3308 huc
538 3267 556 3308 e
589 3248 739 3329 margine
770 3247 979 3310 transtulerit
1003 3255 1037 3310 et
1062 3256 1140 3330 post
1163 3247 1297 3310 interim
1322 3245 1476 3328 posuerit

282 3385 402 3429 vocem
426 3363 545 3448 virgo?
582 3364 637 3428 Nil
662 3367 821 3448 equidem
845 3387 995 3449 unquam
1021 3367 1090 3430 vidi
1114 3367 1272 3449 ineptius.

326 3485 370 3547 A.
404 3484 481 3588 Xll,
515 3500 567 3547 22.
600 3484 723 3548 Verbis
755 3506 822 3549 non
847 3507 933 3569 opus
957 3495 1008 3548 est
1032 3495 1068 3549 ut
1093 3486 1211 3569 puerili
1235 3486 1476 3549 additamento

280 3603 621 3680 liberetur1Tacitus3
646 3606 779 3688 scripsit
803 3607 910 3670 enim:

329 3723 461 3802 ,Atrox
482 3725 551 3786 odii
573 3724 765 3806 Agrippina
786 3733 820 3788 et
843 3724 971 3788 Lolliae
991 3724 1174 3788 infensa...
1198 3723 1334 3787 molitur
1346 3725 1478 3786 crimen

281 3849 316 3904 et
333 3851 574 3919 accusatorem,
593 3844 651 3926 qui
664 3844 815 3907 obiceret
829 3844 1028 3920 Chaldaeos,
1041 3846 1355 3927 interrogatumque
1368 3843 1481 3926 Apol·

282 3961 358 4024 linis
383 3960 482 4025 Clarii
507 3962 722 4025 simulacrum
747 3983 848 4046 super
871 3965 998 4046 nuptiis
1022 3963 1256 4046 imperatoris”

326 4081 385 4143 sed
412 4083 444 4142 in
470 4079 588 4142 codice
614 4093 691 4163 post
718 4083 900 4148 Chaldaeos
922 4084 1046 4165 legitur
1069 4085 1172 4146 etiam
1197 4104 1321 4166 rnagos.

328 4201 405 4262 Non
428 4200 537 4260 minus
557 4201 709 4281 ineptum
731 4205 893 4285 estquod
916 4203 1010 4279 XIII,
1037 4205 1214 4267 roexemit
1228 4203 1479 4285 Nipperdeius:

330 4317 563 4399 „Quamquam
585 4320 794 4383 censuissent
816 4332 938 4402 patres,
951 4332 988 4385 ut
1002 4323 1204 4405 principium
1217 4323 1297 4384 anni
1310 4323 1481 4403 inciperet

283 4456 397 4498 meuse
434 4437 633 4514 Decembri,
669 4459 738 4520 quo
774 4450 867 4504 ortus
901 4451 973 4504 erat
1011 4443 1120 4517 Nero,
1155 4451 1306 4505 veterem
1342 4441 1481 4525 religio·
