3266 5238
671 441 682 486 ¹
691 441 730 508 ³7

98 603 198 665 Plinii
224 603 250 678 I,
277 617 292 684 5
325 603 368 666 de
399 603 540 686 Aquilio
573 605 716 688 Regulo
748 626 791 669 ne
824 625 912 669 nunc
944 605 1137 669 iniuriarum
1170 605 1294 669 calum-

98 725 311 805 niarumque,
332 744 467 788 suarum
500 745 628 808 poenas
660 725 718 789 det
748 725 904 789 sollicito.
938 724 1006 789 Sed
1033 745 1100 788 non
1127 724 1295 788 delatores

96 851 234 906 tantum
266 853 301 906 et
332 864 460 920 omneS,
493 847 775 932 quiuDomitiano
800 839 966 928 regnante'
987 846 1177 929 potentiam
1199 865 1294 908 suam

96 962 284 1025 crudeliter
313 973 545 1039 exercuerant,
570 965 603 1028 in
628 985 753 1047 magno
776 974 857 1029 tunc
882 966 1104 1029 versabantur
1127 963 1295 1047 periculo;

95 1081 143 1144 illi
179 1102 318 1164 quoque
350 1085 383 1145 in
412 1084 575 1147 invidiam
599 1084 866 1160 adducebantur,
892 1085 949 1166 qui
973 1093 1031 1147 aut
1055 1103 1075 1146 a
1098 1083 1295 1147 Domitiano

95 1201 257 1264 altiorem
289 1200 436 1284 aliquem
468 1203 502 1265 in
534 1203 708 1286 republica
735 1202 847 1267 locum
872 1210 1085 1286 acceperant,
1110 1203 1295 1266 autetiam

95 1321 184 1385 salvi
206 1319 375 1385 funestam
396 1321 487 1385 illam
508 1323 621 1386 multis
641 1323 910 1387 dominationem
923 1331 1111 1387 evaserant.
1125 1323 1163 1386 ln
1177 1343 1294 1386 eorum

97 1462 245 1504 numero
263 1450 299 1505 et
321 1441 482 1525 Agricola
501 1443 573 1519 fuit,
594 1445 650 1527 qui
670 1445 751 1507 licet
770 1452 934 1525 tyrannus
956 1445 986 1506 ei
1007 1444 1293 1526 proconsalutum,

95 1581 204 1642 quem
229 1571 434 1643 speraverat,
458 1562 628 1638 inviderit,
652 1572 768 1627 tamen
793 1583 853 1646 per
877 1564 997 1627 decem
1016 1583 1124 1626 annos
1145 1564 1296 1646 privatus

96 1691 130 1744 et
151 1689 250 1744 tutus
269 1682 314 1745 ab
334 1681 391 1745 illo
412 1682 507 1745 vixit.
529 1682 650 1765 Neque
671 1684 743 1765 ipse
764 1702 888 1764 negare
908 1681 1047 1744 Tacitus
1068 1689 1181 1764 potest
1200 1703 1295 1746 suam

96 1803 306 1883 dignitatem
335 1821 356 1864 a
388 1802 585 1865 Domitiano
616 1802 749 1883 longius
781 1809 979 1884 provectam
1004 1801 1060 1884 (H.
1085 1802 1110 1877 1,
1128 1799 1179 1885 r).
1204 1800 1295 1883 Quid

96 1923 192 2002 quod
219 1941 281 2004 per
304 1921 434 2004 aliquot
458 1943 565 1985 annos
588 1923 622 1984 in
646 1930 801 1985 senatum
822 1922 916 1984 venit
937 1941 1013 1984 cunr
1034 1922 1228 1985 saevissima
1249 1921 1295 1984 ibi

97 2041 222 2104 tierent
259 2041 423 2118 consulta,
459 2042 657 2104 Domitiano
692 2042 804 2106 vultus
836 2042 1045 2124 singulorum
1077 2050 1229 2117 notante,
1262 2049 1297 2105 et

96 2169 235 2223 tantum
269 2159 377 2224 abluit
407 2169 444 2224 ut
476 2160 521 2224 illi
553 2162 755 2244 turpitudini
787 2161 978 2236 obsisteret,
1011 2170 1047 2224 ut
1075 2169 1195 2244 postea
1218 2180 1295 2224 cum

96 2281 231 2361 gemitu
256 2278 481 2361 lamentisque
505 2279 682 2344 fateretur:
712 2289 866 2362 ,nostrae
891 2282 1019 2344 duxere
1045 2280 1240 2345 Helvidium
1262 2283 1294 2344 in

99 2418 274 2461 carcerem
308 2418 435 2474 manus,
468 2419 529 2462 nos
559 2400 734 2463 innocenti
764 2402 926 2483 sanguine
955 2400 1099 2465 Senecio
1128 2399 1297 2484 perfudit”

100 2519 198 2601 (Agr.
223 2518 281 2600 45)
302 2515 334 2600 “).
359 2518 405 2582 Et
428 2518 494 2582 alia
517 2539 609 2601 ergo,
633 2520 676 2582 de
700 2519 863 2603 Agricola
887 2540 1034 2596 narrans,
1059 2523 1119 2585 sed
1144 2520 1208 2584 hoc
1233 2520 1298 2584 lor-

97 2646 190 2701 tasse
221 2639 404 2721 praecipue
428 2640 661 2703 demonstrare
685 2641 817 2703 studet:
846 2661 964 2723 ,posse
987 2641 1090 2704 etiam
1114 2641 1178 2703 sub
1202 2640 1297 2704 malis

97 2755 312 2839 principibus
337 2777 478 2839 magnos
503 2759 593 2821 viros
617 2777 699 2834 esse,
725 2759 995 2843 obsequiumque
1010 2779 1059 2823 ¹ac
1084 2745 1298 2835 modestiam,

95 2877 122 2937 si
145 2876 312 2939 industria
332 2896 372 2939 ac
395 2877 491 2959 vigor
510 2878 632 2952 adsint,
654 2898 771 2941 eorum
792 2878 909 2942 laudes
929 2880 1105 2954 excedere,
1124 2879 1180 2961 qui
1198 2878 1296 2960 pleri·

98 3015 167 3076 que
192 3014 256 3077 per
278 2995 434 3078 abrupta,
459 2998 519 3060 sed
545 2997 578 3060 in
601 2997 729 3060 nullum
751 2999 798 3061 rei
821 2998 977 3081 publicae
998 3019 1094 3062 usum
1118 2999 1293 3063 ambitiosa

98 3122 212 3176 morte
237 3112 485 3177 inclaruerunt”
511 3116 605 3198 (Agr.
629 3116 696 3197 42).
720 3117 921 3181 Laudantur
944 3117 998 3180 hic
1019 3119 1077 3201 qui
1097 3117 1159 3181 sub
1178 3119 1296 3182 Domi·

98 3235 196 3296 tiano
222 3233 359 3298 modesti
381 3232 515 3297 luerunt
535 3242 569 3298 et
589 3236 622 3297 in
642 3235 788 3317 obsequio
808 3238 1039 3320 perstiterunt,
1062 3239 1167 3321 iisque
1188 3260 1296 3323 oppo-

100 3361 230 3416 nuntur
253 3361 355 3435 atque
378 3353 460 3416 satis
482 3373 599 3417 severe
624 3355 895 3437 perstringuntur
922 3360 998 3439 ,qui
1023 3360 1056 3422 in
1081 3359 1208 3423 nullum
1233 3360 1295 3422 rei·

100 3471 262 3555 publicae
293 3493 388 3536 usum
413 3474 593 3538 ambitiosa
617 3483 726 3537 morte
751 3475 1010 3540 inclaruerunt‘’.
1036 3476 1102 3559 Qui
1127 3488 1205 3541 sunt
1228 3477 1296 3542 illi?

100 3591 301 3674 Philosophi
322 3593 355 3655 in
377 3593 468 3655 curia
487 3593 595 3668 stoici,
617 3595 674 3675 qui
692 3596 827 3677 quidvis
843 3597 975 3678 perpeti
989 3595 1179 3659 maluerunt
1191 3616 1293 3677 quam

96 3731 117 3772 a
138 3718 235 3773 recta
254 3712 461 3774 conscientia
481 3711 535 3775 vel
554 3721 784 3777 transversum
803 3734 950 3796 unguem
969 3713 1175 3788 recederent,
1190 3721 1293 3794 atque

97 3849 182 3912 ergo
219 3829 406 3892 Domitiani
440 3832 616 3894 saevitiam
651 3852 783 3895 summa
817 3851 893 3894 cum
928 3831 1084 3893 libertate
1120 3839 1291 3896 notarunt.

98 3949 179 4012 Non
202 3957 315 4032 potest
335 3969 404 4012 non
424 3951 583 4014 admirari
604 3953 693 4015 viros
713 3951 786 4014 illos
807 3971 947 4032 magnos
967 3949 1115 4025 Tacitus,
1130 3959 1291 4016 ettamen

98 4071 141 4132 de
173 4089 291 4131 eorum
316 4068 473 4133 laudibus
496 4091 599 4153 quam
623 4072 803 4152 plurimum
829 4069 1008 4134 detrahere
1031 4071 1162 4135 studet:
1188 4073 1291 4134 sentit

140 4355 167 4420 ι)
187 4356 318 4406 Praeclare
336 4356 386 4406 hac
405 4356 437 4405 de
456 4371 483 4406 re
501 4356 555 4422 egit
573 4355 727 4406 Boissierius
745 4357 773 4407 in
792 4359 824 4408 iis
842 4358 1115 4424 commentationibus,
1133 4373 1197 4422 quas
1212 4357 1290 4406 modo

100 4442 247 4494 laudabam.
