3248 5230
670 449 733 516 277

113 635 209 695 quam
241 613 384 676 lascivos
415 633 474 676 eos
497 612 597 676 fuisse
621 615 797 678 credamus
822 615 855 678 in
880 614 1065 677 Vitelliana
1091 611 1191 674 turba
1215 609 1296 673 ista!

112 733 196 798 Vide
216 753 319 816 quam
340 734 474 816 egregie
493 753 593 808 nunc,
619 735 651 796 in
673 734 820 796 eundem
841 753 986 808 sensum,
1007 733 1090 796 haec
1110 731 1295 794 addantur:

113 863 178 933 ,tot
209 852 398 936 legatorum
431 853 684 934 amicorumque
714 854 904 927 comitatus
931 851 1087 915 inhabilis
1111 851 1154 913 ad
1180 869 1298 932 paren·

111 974 195 1048 dum,
220 974 353 1037 etiamsi
373 993 504 1037 summa
527 973 683 1036 modestia
707 971 915 1056 regeretur.”
939 973 1035 1036 Idem
1059 980 1111 1034 est
1131 971 1299 1033 exercitus

111 1093 268 1155 modestus
288 1100 322 1155 et
341 1113 483 1155 seuerus.
505 1091 718 1154 Adverbium
738 1112 849 1156 severe
867 1092 911 1156 de
932 1091 1095 1155 militibus
1107 1090 1298 1154 adhibitum

110 1210 228 1292 legitur
251 1210 295 1274 A.
316 1210 378 1286 IV,
401 1227 418 1272 2
441 1210 511 1293 (cur
530 1210 686 1274 Tiberius
706 1209 863 1274 cohortes
883 1211 1028 1274 urbanas
1049 1211 1082 1274 in
1103 1230 1169 1274 una
1189 1217 1299 1272 castra

111 1330 315 1392 contraxerit
341 1330 512 1413 traditur):
544 1330 814 1410 ,Praetendebat
839 1331 990 1394 lascivire
1015 1330 1157 1392 militem
1183 1329 1299 1392 diduc-

111 1458 195 1526 tum;
231 1450 258 1512 si
283 1449 365 1530 quid
389 1449 538 1512 subitum
562 1450 705 1532 ingruat,
730 1451 857 1512 maiore
881 1449 1007 1513 auxilio
1031 1451 1156 1532 pariter
1179 1448 1299 1512 subve-

112 1569 185 1644 niri;
224 1576 259 1630 et
290 1566 437 1631 severius
469 1577 612 1643 acturos,
645 1569 671 1631 si
704 1568 830 1631 vallum
861 1576 1029 1632 statuatur
1058 1567 1176 1652 procul
1208 1567 1299 1630 urbis

113 1685 308 1749 illecebris.”

150 1805 380 1888 Opponuntur
404 1807 491 1869 inter
514 1826 550 1869 se
574 1807 730 1871 lascivire
752 1816 786 1870 et
809 1828 920 1872 severe
942 1827 1051 1890 agere.

151 2045 194 2107 H.
226 2045 268 2121 II,
298 2047 350 2109 88.
383 2046 536 2109 Vixdum
568 2046 687 2109 urbem
720 2047 928 2109 intraverant
959 2048 1050 2110 saevi
1083 2049 1138 2111 isti
1170 2048 1299 2133 serique

110 2163 234 2226 Vitellii
260 2164 384 2227 milites
406 2173 441 2227 et
466 2165 532 2227 iam
557 2163 687 2248 proelia
709 2163 794 2227 fiunt
818 2165 1008 2246 caedesque
1033 2166 1173 2230 civium:

154 2304 248 2364 ,cum
272 2284 408 2347 turbam
432 2283 549 2367 populi
575 2304 635 2367 per
658 2284 825 2346 inscitiam
847 2305 965 2367 parum
986 2287 1142 2362 vitarent,
1163 2296 1222 2350 aut
1242 2288 1300 2351 ubi

112 2403 237 2466 lubrico
269 2405 345 2466 viae
376 2403 430 2465 vel
461 2422 602 2465 occursu
633 2402 772 2466 alicuius
803 2405 1038 2486 procidissent,
1068 2408 1112 2469 ad
1145 2407 1299 2488 iurgium,

113 2543 188 2585 mox
212 2523 255 2586 ad
281 2542 400 2585 manus
423 2532 457 2585 et
482 2523 606 2586 ferrum
630 2522 845 2586 transirent.”

154 2642 231 2705 Non
267 2643 355 2705 duae
387 2663 438 2705 res
470 2641 525 2704 hic
558 2643 645 2705 inter
676 2661 711 2704 se
742 2653 966 2725 opponuntur:
998 2643 1105 2706 altera
1136 2645 1227 2707 enim
1256 2665 1299 2706 ex

111 2759 212 2824 altera
233 2762 421 2824 necessario
442 2761 602 2843 sequitur.
624 2760 709 2824 Cum
731 2761 865 2824 barbari
887 2762 1021 2825 turbam
1043 2762 1159 2845 populi
1180 2783 1299 2845 parum

113 2881 265 2956 vitarent,
297 2881 368 2943 fieri
396 2901 464 2943 non
489 2888 624 2963 poterat
648 2881 730 2963 quin
754 2861 942 2945 identidem
967 2881 1065 2944 alicui
1089 2882 1154 2946 civi
1179 2884 1299 2965 impin·

112 3008 276 3081 gerentur.
309 3001 511 3064 Accedebat
542 3001 607 3064 alia
639 3001 839 3083 procidendi
871 3020 988 3064 causa:
1024 3001 1098 3065 viae
1122 3002 1297 3066 lubricum.

113 3119 172 3183 Pro
196 3133 257 3184 aut
278 3140 359 3202 ergo
382 3131 413 3184 ct
436 3119 618 3203 legendum
643 3139 777 3182 censeo.

155 3359 196 3421 H.
223 3358 266 3433 Il,
290 3377 343 3440 99.
370 3358 506 3421 Nefaria
530 3358 723 3440 proditione
747 3378 767 3420 a
791 3358 931 3422 Vitellio
951 3361 995 3422 ad
1017 3359 1198 3423 Flavianos
1218 3361 1299 3425 defi·

112 3479 154 3540 cit
178 3477 338 3542 Caecina:

157 3597 358 3678 ,Credidere
384 3596 536 3679 plerique
561 3595 670 3659 Flavii
695 3595 812 3662 Sabini
832 3599 978 3662 consiliis
998 3619 1196 3663 concussam
1218 3599 1300 3663 Cae·

112 3718 204 3781 cinae
236 3726 398 3790 mentem,
422 3715 576 3777 ministro
599 3735 793 3779 sermonum
819 3716 948 3780 Rubrio
973 3717 1087 3781 Gallo:
1113 3729 1186 3782 rata
1208 3719 1299 3802 apud

112 3835 357 3920 Vespasianum
372 3835 442 3899 fore
455 3844 556 3917 pacta
568 3835 791 3910 transitionis;
806 3837 902 3900 simul
915 3838 1070 3900 odiorum
1084 3839 1300 3923 invidiaeque

112 3977 189 4038 erga
221 3955 366 4018 Fabium
391 3955 574 4018 Valentem
599 3955 857 4030 admonebatur,
883 3965 919 4018 ut
944 3957 1053 4039 impar
1076 3959 1167 4040 apud
1193 3959 1300 4022 Vitel-

111 4074 188 4138 lium
213 4076 355 4158 gratiam
381 4075 535 4156 viresque
559 4073 649 4155 apud
675 4093 800 4135 novum
825 4075 1013 4157 principem
1038 4075 1205 4157 pararet.”

154 4196 240 4257 Mire
260 4193 472 4257 conformata
493 4202 543 4255 est
564 4193 646 4254 haec
667 4193 852 4254 sententia!
878 4193 1023 4256 Primum
1045 4195 1109 4256 ista
1130 4195 1242 4258 subita
1256 4197 1298 4258 ad

113 4314 279 4396 passivum
300 4313 441 4376 verbum
462 4313 658 4376 transitione
672 4313 930 4395 (admonebatur)
946 4334 1055 4396 neque
1069 4314 1299 4397 perspicuitati

112 4453 219 4515 neque
251 4433 439 4516 elegantiae
470 4431 664 4495 consulitur.
690 4428 772 4511 Quis
796 4433 885 4494 enim
911 4432 1091 4496 Caecinam
1116 4433 1298 4497 admonet?
