3248 5230
650 457 711 525 253

102 624 311 699 britannos,
342 641 429 705 quos
461 622 606 685 Romani
637 623 780 705 imperio
810 643 872 685 suo
896 623 1061 687 subiicere
1085 624 1189 688 etiam
1213 645 1270 688 co·

85 750 208 817 nantur,
234 743 423 826 perduelles
451 762 573 805 vocare
598 743 669 804 eius
692 749 753 817 est,
778 742 835 824 qui
859 742 893 804 in
917 742 1177 826 antiquitatibus
1201 743 1269 806 Ro-

86 863 186 924 manis
216 871 320 943 atque
351 863 439 925 adeo
471 863 504 924 in
536 881 690 925 sermone
716 861 840 924 Latino
863 861 987 944 hospes
1010 862 1063 924 sit.
1090 861 1164 924 lure
1189 883 1270 944 ergo

86 1001 142 1062 pro
159 981 386 1064 perduellibus
409 980 564 1044 Halmius
584 981 730 1044 coniecit
749 981 930 1056 rebellibus,
951 982 1009 1044 sed
1030 1001 1092 1062 pro
1109 982 1270 1045 laudabili

84 1101 273 1164 coniectura
296 1101 468 1183 egregiam
492 1091 701 1163 exhibuisset
725 1101 1011 1176 emendationem,
1035 1102 1063 1164 si
1088 1121 1149 1184 pro
1168 1102 1271 1165 domi·

84 1221 123 1282 tis
135 1220 360 1303 perduellibus
378 1221 478 1283 scribi
498 1221 647 1283 iussisset
660 1220 859 1303 perdomitis
870 1219 1052 1284 rebellibus.
1073 1220 1268 1302 Postquam,

84 1339 171 1420 quod
194 1337 291 1402 facile
316 1339 387 1401 fieri
412 1347 547 1421 poterat
571 1346 606 1401 et
629 1359 732 1421 saepe
752 1337 879 1401 iactum
899 1347 960 1413 est,
982 1339 1190 1422 praepositio
1205 1351 1270 1423 per

84 1458 114 1520 in
144 1457 289 1522 alienam
321 1459 491 1522 aberravit
522 1459 649 1533 sedem,
673 1456 910 1540 perrebellibus
934 1456 999 1539 (vel
1017 1458 1268 1540 perreuelllbus)

83 1579 160 1658 quin
183 1579 216 1640 in
233 1577 461 1661 perduellibus
484 1579 642 1640 transiret
666 1577 724 1638 vix
747 1575 818 1638 fieri
843 1584 988 1658 poterat.
1020 1575 1070 1640 Cf.
1096 1576 1191 1652 XIV,
1216 1579 1270 1654 60,

82 1697 135 1758 ubi
156 1697 189 1759 in
210 1698 328 1760 codice
350 1697 486 1779 legitur:
508 1697 709 1776 ,Eucaerus
723 1697 860 1759 natione
873 1695 1136 1772 Alexandrinus,
1150 1718 1271 1760 canere

82 1817 252 1898 pertybias
272 1816 427 1879 doctus.”
448 1816 562 1897 Vulgo
582 1816 710 1878 editur:
735 1835 874 1896 „canere
896 1815 989 1878 tibiis
1008 1815 1161 1891 doctus’',
1183 1837 1271 1899 quae

82 1942 130 1996 est
160 1936 356 1998 emendatio
386 1936 571 1999 admodum
602 1935 726 1998 audax.
757 1933 830 1997 Aut
853 1954 907 1997 me
932 1933 1051 1998 fallunt
1075 1937 1189 1999 omnia
1212 1945 1271 2000 aut

82 2052 259 2135 legendum
283 2063 353 2117 est:
378 2076 494 2119 canere
516 2055 607 2119 tibiis
623 2055 811 2137 perdoctus.

123 2290 168 2352 A.
192 2291 289 2366 XIV,
317 2307 367 2372 52.
401 2292 538 2355 Mortuo
567 2292 672 2355 Burro
696 2293 850 2355 certatim
875 2293 991 2374 quiin
1016 2293 1189 2376 republica
1213 2298 1270 2359 de·

82 2411 218 2472 teriores
243 2419 340 2473 erant
365 2409 530 2474 Senecam
554 2411 722 2473 criminari
747 2411 912 2493 incipiunt
921 2438 929 2488 ;
956 2415 1184 2494 arrogantiam
1209 2416 1269 2478 im-

82 2531 336 2611 potentiamque
373 2530 443 2592 eius
478 2529 724 2612 perstringunt;
759 2529 824 2592 hoc
861 2551 941 2613 prae
973 2532 1093 2594 ceteris
1124 2534 1155 2595 ei
1186 2534 1270 2596 vitio

82 2647 161 2710 dant
184 2650 276 2730 quod
302 2649 454 2711 omnium
479 2669 600 2724 rerum,
628 2649 751 2730 quibus
775 2649 964 2712 delectetur
988 2650 1091 2726 Ner0,
1114 2671 1270 2714 severum

82 2775 157 2847 agat
179 2787 374 2831 censorem:

126 2886 232 2966 ,Nam
264 2886 526 2950 oblectamentis
557 2887 719 2970 principis
751 2886 863 2970 palam
895 2890 1048 2972 iniquum
1080 2891 1270 2955 detrectare

82 3005 148 3067 vim
178 3008 250 3070 eius
275 3026 382 3088 equos
406 3008 564 3088 regentis
589 3005 730 3070 illudere
755 3027 856 3070 voces
880 3007 1015 3090 (rectius
1040 3008 1193 3072 Muretus
1215 3031 1269 3074 vo·

81 3125 155 3206 cem)
188 3126 348 3208 quotiens
380 3135 527 3188 caneret.
564 3125 675 3208 Quem
707 3128 750 3190 ad
782 3126 884 3190 linem
917 3128 999 3191 nihil
1031 3129 1065 3191 in
1097 3129 1270 3212 republica

81 3242 203 3306 clarum
226 3244 309 3320 iore,
335 3245 427 3326 quod
452 3265 520 3308 non
543 3245 587 3308 ab
612 3245 669 3307 illo
694 3247 832 3328 reperiri
857 3249 1014 3310 credatur
1024 3246 1055 3309 ?”

123 3362 286 3446 Quamvis
321 3364 444 3427 fuerint
479 3384 573 3428 acres
606 3364 642 3427 hi
678 3364 828 3430 Senecae
864 3366 1121 3450 vituperatores
1152 3377 1268 3431 tamen

80 3485 236 3548 credibile
269 3503 338 3546 non
371 3493 422 3546 est
453 3493 583 3547 tantam
616 3483 690 3548 illos
721 3485 751 3546 ei
780 3484 943 3548 obiecisse
969 3487 1206 3568 arrogantiam,
1232 3496 1269 3549 ut

80 3613 229 3683 repertor
249 3612 352 3684 atque
372 3605 530 3667 inventor
547 3605 654 3667 videri
672 3604 774 3667 vellet
793 3605 944 3668 omnium
958 3606 1122 3670 bonarum
1135 3607 1268 3680 artium,

79 3721 198 3802 quibus
216 3723 289 3786 sine
310 3722 419 3786 famae
438 3743 518 3787 suae
539 3725 746 3787 detrimento
765 3744 906 3806 operam
927 3725 1007 3788 dare
1028 3734 1143 3808 posset
1165 3725 1268 3788 Nero.

80 3838 139 3904 Sat
159 3861 263 3924 grave
288 3841 354 3904 iam
379 3843 546 3924 estquod
571 3843 672 3925 paulo
697 3850 775 3905 ante
801 3841 951 3906 Senecae
972 3844 1152 3907 obiiciunt:
1181 3845 1270 3924 ,elo-

79 3962 235 4042 quentiae
255 3959 392 4023 laudem
412 3961 469 4024 uni
493 3962 556 4024 sibi
581 3963 744 4024 asciscere
769 3968 803 4023 et
827 3962 977 4024 carmina
1000 3963 1149 4025 crebrius
1174 3963 1269 4026 facti-

78 4087 159 4154 tare,
186 4088 368 4162 postquam
394 4080 521 4143 Neroni
545 4099 641 4143 amor
664 4099 782 4142 eorum
807 4079 986 4154 venisset”,
1010 4090 1045 4143 et
1069 4101 1171 4162 quam
1195 4082 1268 4144 lon-

78 4219 156 4280 gum
178 4199 266 4262 inter
290 4198 356 4261 hoc
374 4199 502 4262 crimen
525 4207 559 4261 et
579 4196 660 4262 illud
679 4209 832 4280 repertae
850 4197 1065 4280 eloquentiae
1086 4200 1265 4283 poesisque

77 4318 118 4378 sit
150 4317 364 4380 intervallum
395 4320 538 4400 quisque
570 4319 675 4380 videt.
709 4315 799 4398 Quid
824 4318 927 4397 quod,
959 4321 985 4380 si
1010 4329 1124 4382 tamen
1149 4327 1264 4381 nostro

77 4435 150 4500 loco
174 4437 340 4499 eiusmodi
365 4437 525 4500 voluisset
548 4437 675 4519 aliquid
700 4435 849 4510 Tacitus,
877 4456 945 4500 non
970 4439 1156 4521 praesentis
1181 4447 1266 4500 tem·
