3228 5236
643 497 706 564 227

85 683 158 726 usus
190 672 279 727 esset
311 663 451 738 Seneca,
475 659 682 726 imitaretur?
708 662 745 725 In
772 681 894 745 magno
918 663 1047 726 honore
1072 685 1160 729 nunc
1185 665 1270 728 eius·

86 783 174 845 modi
205 791 284 846 sunt
315 791 525 864 argumenta,
557 801 633 844 cum
665 781 699 844 id
730 782 841 862 agitur
864 789 901 844 ut
924 782 1089 846 lectiones
1112 786 1268 862 traditae,

84 903 237 982 quamvis
265 901 442 976 absurdae,
467 901 701 965 defendantur.
726 901 777 964 At
800 921 864 984 ego
889 921 1062 985 nunquam
1085 904 1173 968 adeo
1198 926 1270 968 ver·

84 1021 202 1084 bosum
236 1021 335 1084 fuisse
367 1019 532 1086 Senecam
563 1021 666 1083 credo
697 1029 744 1095 ut,
777 1041 853 1084 cum
884 1023 1033 1104 aliquam
1065 1044 1135 1088 rem
1167 1033 1268 1102 tecte,

84 1150 189 1216 acute,
223 1149 366 1204 venuste
397 1140 617 1223 significasset
641 1149 675 1203 et
699 1139 890 1223 legentibus
914 1143 1171 1224 intelligendam
1196 1145 1270 1208 reli·

85 1262 219 1341 quisset,
233 1262 348 1323 statim
361 1261 513 1324 eiusdem
526 1262 643 1322 tritum
656 1261 961 1345 quotidianumque
974 1283 1098 1326 nomen
1111 1265 1269 1342 adderet;

83 1379 140 1442 sed
165 1401 243 1444 cum
267 1387 485 1463 personatum
510 1378 675 1443 Senecam
698 1379 746 1442 sic
769 1379 966 1462 loquentem
991 1383 1109 1447 audio:
1148 1404 1272 1465 „senex

84 1508 116 1562 et
150 1500 329 1563 levissimis
363 1519 500 1581 quoque
535 1500 623 1562 curis
659 1500 788 1581 impar,
822 1520 899 1563 cum
934 1522 1018 1585 opes
1054 1524 1147 1568 meas
1183 1505 1271 1569 ultra

83 1621 246 1682 sustinere
271 1640 338 1684 non
360 1619 496 1702 possim,
517 1619 721 1702 praesidium
743 1628 841 1702 peto:
861 1621 940 1683 iube
962 1642 1021 1704 per
1035 1633 1271 1705 procuratores

84 1747 159 1802 tuos
190 1739 427 1802 administrari.
464 1739 537 1801 Nec
569 1758 622 1801 me
654 1739 687 1802 in
721 1747 957 1822 paupertatem
982 1741 1055 1824 ipse
1078 1743 1270 1822 detrudam,

83 1860 140 1920 sed
177 1857 321 1933 traditis,
356 1877 501 1939 quorum
536 1856 666 1939 fulgore
702 1859 939 1941 praestringor,
976 1863 1069 1942 quod
1106 1865 1270 1946 temporis

84 1977 259 2040 hortorum
279 1985 338 2040 aut
357 1976 510 2039 villarum
531 1996 630 2040 curae
650 1977 834 2060 seponitur,
856 1979 890 2041 in
904 1979 1054 2043 animum
1069 1981 1269 2060 revocabo”,

84 2095 185 2160 laudo
216 2097 432 2177 admirorque
462 2104 636 2159 auctorem
668 2096 811 2171 fabulae,
843 2107 1003 2181 certeque
1029 2101 1169 2183 dignum
1194 2123 1271 2166 eum

84 2217 238 2292 arbitror,
270 2217 328 2299 qui
359 2237 379 2278 a
408 2215 590 2278 sciolorum
622 2215 704 2279 nihil
728 2215 990 2298 intelligentium
1015 2219 1272 2302 importunitate

85 2335 296 2399 defendatur.
407 2335 411 2347 '

127 2455 171 2518 A.
205 2455 302 2530 XIV,
337 2469 386 2537 59.
421 2454 574 2517 Plautum
607 2453 803 2536 Sullamque
836 2456 903 2518 iam
936 2455 1062 2532 exuleS,
1094 2458 1153 2520 sed
1187 2479 1272 2541 quos

84 2595 299 2657 summopere
330 2575 432 2636 etiam
461 2574 662 2636 metuendos
686 2593 759 2636 esse
782 2574 813 2636 ei
837 2574 1025 2656 Tigellinus
1048 2587 1270 2658 persuaserat,

84 2714 143 2776 per
175 2712 389 2776 percussores
411 2711 488 2755 suos
513 2693 555 2754 de
581 2694 694 2755 medio
717 2693 851 2756 sustulit
876 2694 978 2769 Nero,
1002 2696 1205 2778 scripsitque
1227 2697 1271 2761 ad

83 2823 236 2878 senatum
261 2814 385 2888 literas,
410 2813 531 2895 quibus
554 2814 725 2878 securitati
751 2814 956 2896 reipublicae
980 2835 999 2877 a
1023 2835 1059 2879 se
1079 2817 1270 2881 consultum

85 2935 273 2997 nuntiaret:

131 3053 318 3134 „Decretae
341 3071 383 3114 eo
404 3051 540 3115 nomine
559 3051 836 3134 supplicationes,
857 3059 961 3134 utque
982 3051 1074 3118 Sulla
1087 3062 1122 3117 et
1136 3055 1273 3119 Plautus

84 3181 202 3235 senatu
228 3179 453 3246 moverentur,
477 3170 688 3252 gravioribus
712 3180 780 3233 tam
804 3170 958 3234 ludibriis
981 3194 1085 3255 quam
1110 3174 1239 3239 malis”

128 3290 183 3356 Sic
216 3292 251 3354 in
282 3291 400 3354 codice
432 3298 493 3352 est.
525 3290 597 3352 Iam
630 3289 791 3372 aprimis
815 3290 894 3355 inde
919 3295 1131 3376 temporibus
1155 3296 1272 3372 critici,

85 3419 120 3472 ut
139 3431 201 3493 pro
219 3422 289 3474 tam
307 3409 397 3472 aliud
411 3408 614 3472 vocabulum
629 3418 845 3492 reponerent,
858 3412 950 3492 quod
964 3413 1076 3495 aptius
1091 3415 1271 3491 videretur,

84 3532 307 3595 desudarunt:
333 3531 366 3592 in
387 3529 611 3592 deterioribus
632 3538 823 3606 esttamen,
846 3530 1008 3612 Agricola
1028 3534 1095 3595 iam
1116 3535 1272 3610 coniecit,

85 3649 239 3714 Halmius
261 3661 341 3713 tum.
368 3646 416 3711 At
441 3647 523 3711 nihil
548 3650 793 3731 reponendum,
815 3668 949 3730 unaque
970 3649 1069 3712 litura
1089 3651 1272 3715 delendum

84 3769 172 3835 istud
204 3782 273 3833 tam
305 3788 446 3843 cense0,
479 3775 600 3850 utpote
633 3767 842 3850 adscriptum
874 3767 918 3830 ab
950 3769 1090 3832 indocto
1118 3770 1273 3849 homine,
1302 3827 1304 3832 .

84 3891 140 3971 qui
172 3889 263 3952 unde
292 3909 392 3972 quam
424 3888 589 3971 penderet
620 3907 687 3950 non
720 3885 940 3968 intelligeret,
973 3896 1007 3950 et
1038 3909 1139 3970 quem
1172 3911 1273 3954 omne

83 4007 307 4073 sententiolae
340 4008 470 4090 fugeret
502 4027 656 4071 acumen.
694 4004 771 4067 Hoc
804 4003 873 4067 fere
906 4006 988 4070 dicit
1020 4007 1175 4071 Tacitus:
1212 4030 1273 4090 „ne

85 4129 156 4212 ipsa
180 4128 319 4211 quidem
343 4128 434 4192 mala
459 4127 490 4209 (i.
515 4148 545 4190 e.
570 4126 692 4190 caedes
716 4123 791 4187 illae
816 4133 852 4186 et
875 4126 1092 4190 crudelitates
1117 4128 1273 4211 Neronis)

83 4257 153 4312 tam
184 4247 301 4330 gravia
332 4247 468 4329 cognitu
500 4253 578 4309 sunt
610 4244 760 4325 (tamque
794 4243 897 4325 digna
923 4246 1002 4308 odio
1028 4255 1143 4310 nostro
1167 4255 1202 4309 et
1226 4247 1274 4308 in·

86 4367 304 4450 dignatione),
330 4387 433 4449 quam
457 4363 602 4429 scurrilis
626 4362 691 4424 ista
713 4369 749 4424 et
771 4361 906 4425 abiecta
929 4373 1066 4427 senatus
1090 4363 1274 4430 adulatio.”

124 4487 169 4550 A.
180 4485 259 4560 XV,
268 4486 322 4567 65.
340 4486 466 4565 ,Fama
478 4485 539 4548 fuit
553 4481 712 4546 Subrium
725 4481 869 4544 Flavum
882 4501 958 4544 cum
972 4486 1274 4550 centurionibus
