<?xml version="1.0" encoding="UTF-8"?>
<!DOCTYPE html PUBLIC "-//W3C//DTD XHTML 1.0 Transitional//EN"
    "http://www.w3.org/TR/xhtml1/DTD/xhtml1-transitional.dtd">
<html xmlns="http://www.w3.org/1999/xhtml" xml:lang="en" lang="en">
 <head>
  <title>
</title>
<meta http-equiv="Content-Type" content="text/html;charset=utf-8" />
  <meta name='ocr-system' content='tesseract 3.04.00' />
  <meta name='ocr-capabilities' content='ocr_page ocr_carea ocr_par ocr_line ocrx_word'/>
</head>
<body>
  <div class='ocr_page' id='page_1' title='image "./analectatacitea01hartgoog_0113.png"; bbox 0 0 3266 5238; ppageno 0'>
   <div class='ocr_carea' id='block_1_1' title="bbox 907 445 967 494">
    <p class='ocr_par' dir='ltr' id='par_1_1' title="bbox 907 445 967 494">
     <span class='ocr_line' id='line_1_1' title="bbox 907 445 967 494; baseline 0 -1"><span class='ocrx_word' id='word_1_1' title='bbox 907 445 967 494; x_wconf 87' lang='lat'>102</span> 
     </span>
    </p>
   </div>
   <div class='ocr_carea' id='block_1_2' title="bbox 337 609 1535 1294">
    <p class='ocr_par' dir='ltr' id='par_1_2' title="bbox 337 609 1535 1294">
     <span class='ocr_line' id='line_1_2' title="bbox 383 609 1534 694; baseline -0.001 -19"><span class='ocrx_word' id='word_1_2' title='bbox 383 611 522 675; x_wconf 86' lang='lat' dir='ltr'>Tacitus</span> <span class='ocrx_word' id='word_1_3' title='bbox 554 620 673 674; x_wconf 89' lang='lat' dir='ltr'>contra</span> <span class='ocrx_word' id='word_1_4' title='bbox 699 611 733 672; x_wconf 93' lang='lat' dir='ltr'>in</span> <span class='ocrx_word' id='word_1_5' title='bbox 758 609 815 673; x_wconf 90' lang='lat' dir='ltr'>illo</span> <span class='ocrx_word' id='word_1_6' title='bbox 840 611 978 675; x_wconf 89' lang='lat' dir='ltr'>demum</span> <span class='ocrx_word' id='word_1_7' title='bbox 1002 611 1143 674; x_wconf 89' lang='lat' dir='ltr'>consilio</span> <span class='ocrx_word' id='word_1_8' title='bbox 1167 611 1313 686; x_wconf 88' lang='lat' dir='ltr'>militari,</span> <span class='ocrx_word' id='word_1_9' title='bbox 1337 613 1429 694; x_wconf 91' lang='lat' dir='ltr'>quod</span> <span class='ocrx_word' id='word_1_10' title='bbox 1453 620 1534 674; x_wconf 90' lang='lat' dir='ltr'>ante</span> 
     </span>
     <span class='ocr_line' id='line_1_3' title="bbox 337 729 1534 815; baseline -0.003 -20"><span class='ocrx_word' id='word_1_11' title='bbox 337 732 447 815; x_wconf 88' lang='lat' dir='ltr'>ipsam</span> <span class='ocrx_word' id='word_1_12' title='bbox 480 751 629 814; x_wconf 88' lang='lat' dir='ltr'>pugnam</span> <span class='ocrx_word' id='word_1_13' title='bbox 661 729 814 792; x_wconf 90' lang='lat' dir='ltr'>habitum</span> <span class='ocrx_word' id='word_1_14' title='bbox 846 730 888 792; x_wconf 90' lang='lat' dir='ltr'>sit</span> <span class='ocrx_word' id='word_1_15' title='bbox 920 730 964 812; x_wconf 90' lang='lat' dir='ltr'>(v.</span> <span class='ocrx_word' id='word_1_16' title='bbox 989 751 1018 793; x_wconf 90' lang='lat' dir='ltr'>c.</span> <span class='ocrx_word' id='word_1_17' title='bbox 1045 748 1084 812; x_wconf 84' lang='lat'>33</span> <span class='ocrx_word' id='word_1_18' title='bbox 1110 739 1144 792; x_wconf 92' lang='lat' dir='ltr'>et</span> <span class='ocrx_word' id='word_1_19' title='bbox 1171 731 1234 813; x_wconf 82' lang='lat'>39),</span> <span class='ocrx_word' id='word_1_20' title='bbox 1261 732 1437 793; x_wconf 89' lang='lat' dir='ltr'>decretum</span> <span class='ocrx_word' id='word_1_21' title='bbox 1461 751 1534 792; x_wconf 86' lang='lat' dir='ltr'>esse</span> 
     </span>
     <span class='ocr_line' id='line_1_4' title="bbox 337 847 1535 931; baseline -0.002 -18"><span class='ocrx_word' id='word_1_22' title='bbox 337 851 386 914; x_wconf 90' lang='lat' dir='ltr'>ait</span> <span class='ocrx_word' id='word_1_23' title='bbox 417 859 455 913; x_wconf 90' lang='lat' dir='ltr'>ut</span> <span class='ocrx_word' id='word_1_24' title='bbox 486 848 580 913; x_wconf 89' lang='lat' dir='ltr'>Otho</span> <span class='ocrx_word' id='word_1_25' title='bbox 614 848 789 912; x_wconf 86' lang='lat' dir='ltr'>Brixillum</span> <span class='ocrx_word' id='word_1_26' title='bbox 814 847 1093 930; x_wconf 88' lang='lat' dir='ltr'>proficisceretur,</span> <span class='ocrx_word' id='word_1_27' title='bbox 1118 858 1293 931; x_wconf 87' lang='lat' dir='ltr'><strong>tamquam</strong></span> <span class='ocrx_word' id='word_1_28' title='bbox 1318 851 1345 912; x_wconf 91' lang='lat' dir='ltr'>si</span> <span class='ocrx_word' id='word_1_29' title='bbox 1368 849 1535 912; x_wconf 88' lang='lat' dir='ltr'>hactenus</span> 
     </span>
     <span class='ocr_line' id='line_1_5' title="bbox 338 967 1534 1054; baseline -0.003 -20"><span class='ocrx_word' id='word_1_30' title='bbox 338 991 473 1054; x_wconf 89' lang='lat' dir='ltr'>semper</span> <span class='ocrx_word' id='word_1_31' title='bbox 493 971 526 1033; x_wconf 94' lang='lat' dir='ltr'>in</span> <span class='ocrx_word' id='word_1_32' title='bbox 548 970 665 1032; x_wconf 90' lang='lat' dir='ltr'>castris</span> <span class='ocrx_word' id='word_1_33' title='bbox 684 969 857 1032; x_wconf 83' lang='lat' dir='ltr'>adfuisset.</span> <span class='ocrx_word' id='word_1_34' title='bbox 882 969 933 1050; x_wconf 80' lang='lat' dir='ltr'>„Is</span> <span class='ocrx_word' id='word_1_35' title='bbox 953 971 1081 1052; x_wconf 90' lang='lat' dir='ltr'>primus</span> <span class='ocrx_word' id='word_1_36' title='bbox 1101 970 1173 1032; x_wconf 92' lang='lat' dir='ltr'>dies</span> <span class='ocrx_word' id='word_1_37' title='bbox 1190 967 1402 1032; x_wconf 89' lang='lat' dir='ltr'>Othonianas</span> <span class='ocrx_word' id='word_1_38' title='bbox 1419 977 1534 1051; x_wconf 90' lang='lat' dir='ltr'>partes</span> 
     </span>
     <span class='ocr_line' id='line_1_6' title="bbox 338 1088 1535 1172; baseline 0 -20"><span class='ocrx_word' id='word_1_39' title='bbox 338 1089 481 1152; x_wconf 85' lang='lat' dir='ltr'>afflixit”</span> <span class='ocrx_word' id='word_1_40' title='bbox 505 1088 590 1152; x_wconf 91' lang='lat' dir='ltr'>haec</span> <span class='ocrx_word' id='word_1_41' title='bbox 614 1097 693 1152; x_wconf 91' lang='lat' dir='ltr'>sunt</span> <span class='ocrx_word' id='word_1_42' title='bbox 719 1089 823 1151; x_wconf 86' lang='lat' dir='ltr'>v&#39;erba</span> <span class='ocrx_word' id='word_1_43' title='bbox 847 1089 927 1152; x_wconf 92' lang='lat' dir='ltr'>eius.</span> <span class='ocrx_word' id='word_1_44' title='bbox 949 1090 988 1152; x_wconf 96' lang='lat' dir='ltr'>In</span> <span class='ocrx_word' id='word_1_45' title='bbox 1009 1089 1150 1152; x_wconf 91' lang='lat' dir='ltr'>consilio</span> <span class='ocrx_word' id='word_1_46' title='bbox 1171 1089 1317 1165; x_wconf 88' lang='lat' dir='ltr'>militari,</span> <span class='ocrx_word' id='word_1_47' title='bbox 1342 1091 1434 1171; x_wconf 92' lang='lat' dir='ltr'>quod</span> <span class='ocrx_word' id='word_1_48' title='bbox 1457 1099 1535 1172; x_wconf 90' lang='lat' dir='ltr'>post</span> 
     </span>
     <span class='ocr_line' id='line_1_7' title="bbox 339 1208 1532 1294; baseline 0 -20"><span class='ocrx_word' id='word_1_49' title='bbox 339 1230 487 1294; x_wconf 88' lang='lat' dir='ltr'>pugnam</span> <span class='ocrx_word' id='word_1_50' title='bbox 509 1209 662 1284; x_wconf 90' lang='lat' dir='ltr'>habetur,</span> <span class='ocrx_word' id='word_1_51' title='bbox 683 1229 750 1292; x_wconf 91' lang='lat' dir='ltr'>ope</span> <span class='ocrx_word' id='word_1_52' title='bbox 771 1209 1016 1273; x_wconf 90' lang='lat' dir='ltr'>Moesiacarum</span> <span class='ocrx_word' id='word_1_53' title='bbox 1037 1211 1210 1292; x_wconf 88' lang='lat' dir='ltr'>copiarum</span> <span class='ocrx_word' id='word_1_54' title='bbox 1227 1208 1396 1274; x_wconf 83' lang='lat' dir='ltr'>fortunam</span> <span class='ocrx_word' id='word_1_55' title='bbox 1410 1211 1532 1274; x_wconf 88' lang='lat' dir='ltr'>mutari</span> 
     </span>
    </p>
   </div>
   <div class='ocr_carea' id='block_1_3' title="bbox 339 1317 685 1412">
    <p class='ocr_par' dir='ltr' id='par_1_3' title="bbox 339 1317 685 1412">
     <span class='ocr_line' id='line_1_8' title="bbox 339 1317 685 1412; baseline -0.006 -20"><span class='ocrx_word' id='word_1_56' title='bbox 339 1350 438 1412; x_wconf 90' lang='lat' dir='ltr'>posse</span> <span class='ocrx_word' id='word_1_57' title='bbox 463 1317 685 1392; x_wconf 86' lang='lat' dir='ltr'>declaratur”.</span> 
     </span>
    </p>
   </div>
   <div class='ocr_carea' id='block_1_4' title="bbox 338 1447 1544 4271">
    <p class='ocr_par' dir='ltr' id='par_1_4' title="bbox 338 1447 1539 2486">
     <span class='ocr_line' id='line_1_9' title="bbox 384 1447 1535 1532; baseline 0 -22"><span class='ocrx_word' id='word_1_58' title='bbox 384 1448 436 1510; x_wconf 90' lang='lat' dir='ltr'>De</span> <span class='ocrx_word' id='word_1_59' title='bbox 467 1449 541 1530; x_wconf 87' lang='lat' dir='ltr'>ipsa</span> <span class='ocrx_word' id='word_1_60' title='bbox 572 1448 800 1530; x_wconf 88' lang='lat' dir='ltr'>discrepantia</span> <span class='ocrx_word' id='word_1_61' title='bbox 832 1447 914 1511; x_wconf 91' lang='lat' dir='ltr'>nihil</span> <span class='ocrx_word' id='word_1_62' title='bbox 946 1448 1040 1510; x_wconf 89' lang='lat' dir='ltr'>dico:</span> <span class='ocrx_word' id='word_1_63' title='bbox 1068 1449 1186 1511; x_wconf 88' lang='lat' dir='ltr'>adesse</span> <span class='ocrx_word' id='word_1_64' title='bbox 1211 1469 1285 1511; x_wconf 89' lang='lat' dir='ltr'>eam</span> <span class='ocrx_word' id='word_1_65' title='bbox 1311 1449 1386 1531; x_wconf 90' lang='lat' dir='ltr'>quis</span> <span class='ocrx_word' id='word_1_66' title='bbox 1409 1447 1535 1532; x_wconf 87' lang='lat' dir='ltr'>neget?</span> 
     </span>
     <span class='ocr_line' id='line_1_10' title="bbox 339 1566 1535 1650; baseline -0.001 -19"><span class='ocrx_word' id='word_1_67' title='bbox 339 1566 406 1631; x_wconf 91' lang='lat' dir='ltr'>Sed</span> <span class='ocrx_word' id='word_1_68' title='bbox 424 1568 517 1648; x_wconf 92' lang='lat' dir='ltr'>quod</span> <span class='ocrx_word' id='word_1_69' title='bbox 535 1566 592 1629; x_wconf 92' lang='lat' dir='ltr'>illa</span> <span class='ocrx_word' id='word_1_70' title='bbox 608 1567 699 1630; x_wconf 90' lang='lat' dir='ltr'>nisus</span> <span class='ocrx_word' id='word_1_71' title='bbox 716 1567 948 1630; x_wconf 89' lang='lat' dir='ltr'>Mommsenus</span> <span class='ocrx_word' id='word_1_72' title='bbox 960 1569 1138 1630; x_wconf 88' lang='lat' dir='ltr'>contendit</span> <span class='ocrx_word' id='word_1_73' title='bbox 1153 1569 1233 1630; x_wconf 91' lang='lat' dir='ltr'>mihi</span> <span class='ocrx_word' id='word_1_74' title='bbox 1247 1569 1384 1650; x_wconf 92' lang='lat' dir='ltr'>quidem</span> <span class='ocrx_word' id='word_1_75' title='bbox 1399 1569 1535 1632; x_wconf 89' lang='lat' dir='ltr'>videtur</span> 
     </span>
     <span class='ocr_line' id='line_1_11' title="bbox 338 1684 1535 1769; baseline 0.001 -20"><span class='ocrx_word' id='word_1_76' title='bbox 338 1686 562 1750; x_wconf 85' lang='lat' dir='ltr'>falsissimum.</span> <span class='ocrx_word' id='word_1_77' title='bbox 595 1684 650 1750; x_wconf 90' lang='lat' dir='ltr'>Sic</span> <span class='ocrx_word' id='word_1_78' title='bbox 682 1687 772 1748; x_wconf 90' lang='lat' dir='ltr'>enim</span> <span class='ocrx_word' id='word_1_79' title='bbox 805 1686 973 1768; x_wconf 89' lang='lat' dir='ltr'>disputat:</span> <span class='ocrx_word' id='word_1_80' title='bbox 1009 1687 1070 1766; x_wconf 85' lang='lat' dir='ltr'>„de</span> <span class='ocrx_word' id='word_1_81' title='bbox 1098 1687 1261 1750; x_wconf 88' lang='lat' dir='ltr'>industria</span> <span class='ocrx_word' id='word_1_82' title='bbox 1285 1688 1453 1769; x_wconf 90' lang='lat' dir='ltr'>quaedam</span> <span class='ocrx_word' id='word_1_83' title='bbox 1478 1688 1535 1750; x_wconf 91' lang='lat' dir='ltr'>hic</span> 
     </span>
     <span class='ocr_line' id='line_1_12' title="bbox 339 1805 1535 1881; baseline 0 -12"><span class='ocrx_word' id='word_1_84' title='bbox 339 1808 459 1870; x_wconf 91' lang='lat' dir='ltr'>reticet</span> <span class='ocrx_word' id='word_1_85' title='bbox 483 1805 631 1881; x_wconf 88' lang='lat' dir='ltr'>Tacitus,</span> <span class='ocrx_word' id='word_1_86' title='bbox 657 1814 690 1868; x_wconf 90' lang='lat' dir='ltr'>et</span> <span class='ocrx_word' id='word_1_87' title='bbox 714 1806 762 1868; x_wconf 88' lang='lat' dir='ltr'>sic</span> <span class='ocrx_word' id='word_1_88' title='bbox 785 1814 895 1868; x_wconf 90' lang='lat' dir='ltr'>totum</span> <span class='ocrx_word' id='word_1_89' title='bbox 915 1807 959 1869; x_wconf 94' lang='lat' dir='ltr'>de</span> <span class='ocrx_word' id='word_1_90' title='bbox 979 1805 1126 1871; x_wconf 92' lang='lat' dir='ltr'>Othonis</span> <span class='ocrx_word' id='word_1_91' title='bbox 1147 1815 1255 1869; x_wconf 90' lang='lat' dir='ltr'>morte</span> <span class='ocrx_word' id='word_1_92' title='bbox 1276 1806 1387 1869; x_wconf 90' lang='lat' dir='ltr'>locum</span> <span class='ocrx_word' id='word_1_93' title='bbox 1408 1806 1455 1870; x_wconf 88' lang='lat' dir='ltr'>ita</span> <span class='ocrx_word' id='word_1_94' title='bbox 1476 1808 1535 1869; x_wconf 92' lang='lat' dir='ltr'>de-</span> 
     </span>
     <span class='ocr_line' id='line_1_13' title="bbox 339 1919 1535 2008; baseline 0 -20"><span class='ocrx_word' id='word_1_95' title='bbox 339 1933 476 2008; x_wconf 91' lang='lat' dir='ltr'>torquet</span> <span class='ocrx_word' id='word_1_96' title='bbox 500 1934 537 1987; x_wconf 93' lang='lat' dir='ltr'>ut</span> <span class='ocrx_word' id='word_1_97' title='bbox 562 1919 744 1987; x_wconf 79' lang='lat' dir='ltr'>narrationi</span> <span class='ocrx_word' id='word_1_98' title='bbox 764 1925 914 2006; x_wconf 82' lang='lat' dir='ltr'>tragicae</span> <span class='ocrx_word' id='word_1_99' title='bbox 934 1925 993 1988; x_wconf 85' lang='lat' dir='ltr'>fiat</span> <span class='ocrx_word' id='word_1_100' title='bbox 1012 1927 1133 2007; x_wconf 88' lang='lat' dir='ltr'>aptior.</span> <span class='ocrx_word' id='word_1_101' title='bbox 1155 1925 1291 1988; x_wconf 91' lang='lat' dir='ltr'>Reticet</span> <span class='ocrx_word' id='word_1_102' title='bbox 1310 1945 1535 2008; x_wconf 90' lang='lat' dir='ltr'>quaecunque</span> 
     </span>
     <span class='ocr_line' id='line_1_14' title="bbox 339 2043 1537 2127; baseline -0.001 -20"><span class='ocrx_word' id='word_1_103' title='bbox 339 2045 547 2108; x_wconf 90' lang='lat' dir='ltr'>documento</span> <span class='ocrx_word' id='word_1_104' title='bbox 567 2053 645 2107; x_wconf 91' lang='lat' dir='ltr'>sunt</span> <span class='ocrx_word' id='word_1_105' title='bbox 665 2046 902 2127; x_wconf 91' lang='lat' dir='ltr'>desperatione</span> <span class='ocrx_word' id='word_1_106' title='bbox 923 2043 1096 2109; x_wconf 90' lang='lat' dir='ltr'>Othonem</span> <span class='ocrx_word' id='word_1_107' title='bbox 1115 2045 1159 2106; x_wconf 90' lang='lat' dir='ltr'>ad</span> <span class='ocrx_word' id='word_1_108' title='bbox 1178 2052 1322 2106; x_wconf 90' lang='lat' dir='ltr'>mortem</span> <span class='ocrx_word' id='word_1_109' title='bbox 1338 2052 1469 2119; x_wconf 89' lang='lat' dir='ltr'>actum;</span> <span class='ocrx_word' id='word_1_110' title='bbox 1487 2045 1537 2107; x_wconf 90' lang='lat' dir='ltr'>sic</span> 
     </span>
     <span class='ocr_line' id='line_1_15' title="bbox 340 2161 1537 2244; baseline -0.001 -19"><span class='ocrx_word' id='word_1_111' title='bbox 340 2163 394 2227; x_wconf 93' lang='lat' dir='ltr'>ille</span> <span class='ocrx_word' id='word_1_112' title='bbox 417 2163 517 2226; x_wconf 90' lang='lat' dir='ltr'>heros</span> <span class='ocrx_word' id='word_1_113' title='bbox 541 2163 579 2226; x_wconf 83' lang='lat' dir='ltr'>fit</span> <span class='ocrx_word' id='word_1_114' title='bbox 602 2163 759 2244; x_wconf 88' lang='lat' dir='ltr'>tragicus,</span> <span class='ocrx_word' id='word_1_115' title='bbox 783 2163 841 2244; x_wconf 91' lang='lat' dir='ltr'>qui</span> <span class='ocrx_word' id='word_1_116' title='bbox 862 2163 996 2226; x_wconf 92' lang='lat' dir='ltr'>duobus</span> <span class='ocrx_word' id='word_1_117' title='bbox 1016 2163 1172 2226; x_wconf 87' lang='lat' dir='ltr'>inclaruit</span> <span class='ocrx_word' id='word_1_118' title='bbox 1192 2161 1404 2237; x_wconf 69' lang='lat' dir='ltr'>facinoribus</span> <span class='ocrx_word' id='word_1_119' title='bbox 1425 2162 1537 2225; x_wconf 91' lang='lat' dir='ltr'>altero</span> 
     </span>
     <span class='ocr_line' id='line_1_16' title="bbox 341 2281 1539 2365; baseline 0.001 -21"><span class='ocrx_word' id='word_1_120' title='bbox 341 2281 601 2365; x_wconf 86' lang='lat' dir='ltr'>flagitiosissimo</span> <span class='ocrx_word' id='word_1_121' title='bbox 620 2285 728 2346; x_wconf 87' lang='lat' dir='ltr'>altero</span> <span class='ocrx_word' id='word_1_122' title='bbox 748 2284 899 2365; x_wconf 73' lang='lat' dir='ltr'>egregio,</span> <span class='ocrx_word' id='word_1_123' title='bbox 921 2282 1064 2346; x_wconf 89' lang='lat' dir='ltr'>alterurn</span> <span class='ocrx_word' id='word_1_124' title='bbox 1085 2281 1167 2344; x_wconf 92' lang='lat' dir='ltr'>illud</span> <span class='ocrx_word' id='word_1_125' title='bbox 1188 2281 1315 2345; x_wconf 78' lang='lat' dir='ltr'>facinus</span> <span class='ocrx_word' id='word_1_126' title='bbox 1336 2281 1539 2345; x_wconf 86' lang='lat' dir='ltr'>Plutarchus</span> 
     </span>
     <span class='ocr_line' id='line_1_17' title="bbox 340 2401 1491 2486; baseline 0 -21"><span class='ocrx_word' id='word_1_127' title='bbox 340 2422 407 2465; x_wconf 94' lang='lat' dir='ltr'>non</span> <span class='ocrx_word' id='word_1_128' title='bbox 431 2404 602 2486; x_wconf 81' lang='lat' dir='ltr'>egregium</span> <span class='ocrx_word' id='word_1_129' title='bbox 628 2410 730 2464; x_wconf 89' lang='lat' dir='ltr'>vocat</span> <span class='ocrx_word' id='word_1_130' title='bbox 753 2404 824 2477; x_wconf 91' lang='lat' dir='ltr'>sed,</span> <span class='ocrx_word' id='word_1_131' title='bbox 850 2403 957 2465; x_wconf 89' lang='lat' dir='ltr'>multo</span> <span class='ocrx_word' id='word_1_132' title='bbox 982 2403 1214 2477; x_wconf 89' lang='lat' dir='ltr'>verecundius,</span> <span class='ocrx_word' id='word_1_133' title='bbox 1240 2401 1491 2480; x_wconf 58' lang='lat' dir='ltr'>stysvtmpev’t</span> 
     </span>
    </p>

    <p class='ocr_par' dir='ltr' id='par_1_5' title="bbox 339 2520 1541 2843">
     <span class='ocr_line' id='line_1_18' title="bbox 385 2520 1540 2603; baseline 0 -19"><span class='ocrx_word' id='word_1_134' title='bbox 385 2521 451 2585; x_wconf 90' lang='lat' dir='ltr'>Hic</span> <span class='ocrx_word' id='word_1_135' title='bbox 473 2522 553 2584; x_wconf 91' lang='lat' dir='ltr'>mihi</span> <span class='ocrx_word' id='word_1_136' title='bbox 574 2522 808 2584; x_wconf 89' lang='lat' dir='ltr'>Mommsenus</span> <span class='ocrx_word' id='word_1_137' title='bbox 828 2521 900 2603; x_wconf 90' lang='lat' dir='ltr'>ipse</span> <span class='ocrx_word' id='word_1_138' title='bbox 921 2521 1030 2584; x_wconf 79' lang='lat' dir='ltr'>iacere</span> <span class='ocrx_word' id='word_1_139' title='bbox 1051 2521 1185 2583; x_wconf 89' lang='lat' dir='ltr'>videtur</span> <span class='ocrx_word' id='word_1_140' title='bbox 1203 2522 1295 2602; x_wconf 91' lang='lat' dir='ltr'>quod</span> <span class='ocrx_word' id='word_1_141' title='bbox 1312 2520 1433 2584; x_wconf 88' lang='lat' dir='ltr'>Tacito</span> <span class='ocrx_word' id='word_1_142' title='bbox 1450 2522 1540 2584; x_wconf 93' lang='lat' dir='ltr'>vitio</span> 
     </span>
     <span class='ocr_line' id='line_1_19' title="bbox 339 2637 1541 2722; baseline 0 -20"><span class='ocrx_word' id='word_1_143' title='bbox 339 2642 414 2703; x_wconf 91' lang='lat' dir='ltr'>dat:</span> <span class='ocrx_word' id='word_1_144' title='bbox 435 2648 472 2703; x_wconf 93' lang='lat' dir='ltr'>ut</span> <span class='ocrx_word' id='word_1_145' title='bbox 493 2639 557 2703; x_wconf 90' lang='lat' dir='ltr'>alia</span> <span class='ocrx_word' id='word_1_146' title='bbox 578 2641 729 2714; x_wconf 88' lang='lat' dir='ltr'>reticeat,</span> <span class='ocrx_word' id='word_1_147' title='bbox 750 2640 816 2703; x_wconf 90' lang='lat' dir='ltr'>alia</span> <span class='ocrx_word' id='word_1_148' title='bbox 836 2641 1057 2722; x_wconf 88' lang='lat' dir='ltr'>distorqueat.</span> <span class='ocrx_word' id='word_1_149' title='bbox 1076 2637 1166 2720; x_wconf 86' lang='lat' dir='ltr'>Quid</span> <span class='ocrx_word' id='word_1_150' title='bbox 1184 2639 1394 2721; x_wconf 87' lang='lat' dir='ltr'>distorqueat</span> <span class='ocrx_word' id='word_1_151' title='bbox 1410 2649 1541 2722; x_wconf 91' lang='lat' dir='ltr'>sponte</span> 
     </span>
     <span class='ocr_line' id='line_1_20' title="bbox 339 2757 1540 2843; baseline -0.001 -21"><span class='ocrx_word' id='word_1_152' title='bbox 339 2769 492 2843; x_wconf 88' lang='lat' dir='ltr'>apparet,</span> <span class='ocrx_word' id='word_1_153' title='bbox 517 2760 598 2842; x_wconf 90' lang='lat' dir='ltr'>quid</span> <span class='ocrx_word' id='word_1_154' title='bbox 624 2760 766 2822; x_wconf 89' lang='lat' dir='ltr'>reticeat</span> <span class='ocrx_word' id='word_1_155' title='bbox 790 2759 923 2822; x_wconf 92' lang='lat' dir='ltr'>duobus</span> <span class='ocrx_word' id='word_1_156' title='bbox 946 2760 1038 2822; x_wconf 91' lang='lat' dir='ltr'>hisce</span> <span class='ocrx_word' id='word_1_157' title='bbox 1061 2758 1155 2821; x_wconf 90' lang='lat' dir='ltr'>locus</span> <span class='ocrx_word' id='word_1_158' title='bbox 1178 2759 1308 2841; x_wconf 88' lang='lat' dir='ltr'>optime</span> <span class='ocrx_word' id='word_1_159' title='bbox 1332 2757 1540 2822; x_wconf 89' lang='lat' dir='ltr'>illustratur:</span> 
     </span>
    </p>

    <p class='ocr_par' dir='ltr' id='par_1_6' title="bbox 339 2877 1544 3553">
     <span class='ocr_line' id='line_1_21' title="bbox 384 2877 1542 2961; baseline 0.001 -20"><span class='ocrx_word' id='word_1_160' title='bbox 384 2879 428 2942; x_wconf 89' lang='lat' dir='ltr'>A.</span> <span class='ocrx_word' id='word_1_161' title='bbox 449 2877 641 2955; x_wconf 90' lang='lat' dir='ltr'>Suetonius,</span> <span class='ocrx_word' id='word_1_162' title='bbox 662 2880 742 2943; x_wconf 91' lang='lat' dir='ltr'>licet</span> <span class='ocrx_word' id='word_1_163' title='bbox 762 2879 896 2942; x_wconf 88' lang='lat' dir='ltr'>disertis</span> <span class='ocrx_word' id='word_1_164' title='bbox 914 2878 1025 2941; x_wconf 90' lang='lat' dir='ltr'>verbis</span> <span class='ocrx_word' id='word_1_165' title='bbox 1040 2879 1147 2941; x_wconf 86' lang='lat' dir='ltr'>dicat:</span> <span class='ocrx_word' id='word_1_166' title='bbox 1164 2878 1250 2941; x_wconf 86' lang='lat' dir='ltr'><em>nulli</em></span> <span class='ocrx_word' id='word_1_167' title='bbox 1258 2890 1393 2961; x_wconf 76' lang='lat' dir='ltr'>pugnae</span> <span class='ocrx_word' id='word_1_168' title='bbox 1407 2878 1542 2961; x_wconf 80' lang='lat' dir='ltr'>adsuit,</span> 
     </span>
     <span class='ocr_line' id='line_1_22' title="bbox 340 2995 1544 3079; baseline 0.001 -17"><span class='ocrx_word' id='word_1_169' title='bbox 340 2996 487 3062; x_wconf 92' lang='lat' dir='ltr'>Othonis</span> <span class='ocrx_word' id='word_1_170' title='bbox 512 3007 656 3062; x_wconf 91' lang='lat' dir='ltr'>mortem</span> <span class='ocrx_word' id='word_1_171' title='bbox 680 2995 912 3079; x_wconf 67' lang='grc' dir='ltr'>τραγικωτέρων</span> <span class='ocrx_word' id='word_1_172' title='bbox 937 2998 1041 3061; x_wconf 91' lang='lat' dir='ltr'>etiam</span> <span class='ocrx_word' id='word_1_173' title='bbox 1064 2997 1193 3060; x_wconf 90' lang='lat' dir='ltr'>reddit:</span> <span class='ocrx_word' id='word_1_174' title='bbox 1215 2997 1313 3060; x_wconf 84' lang='lat' dir='ltr'>affert</span> <span class='ocrx_word' id='word_1_175' title='bbox 1333 2998 1423 3059; x_wconf 92' lang='lat' dir='ltr'>enim</span> <span class='ocrx_word' id='word_1_176' title='bbox 1444 3018 1476 3061; x_wconf 93' lang='lat' dir='ltr'>c.</span> <span class='ocrx_word' id='word_1_177' title='bbox 1503 3016 1544 3063; x_wconf 93' lang='lat'>10</span> 
     </span>
     <span class='ocr_line' id='line_1_23' title="bbox 339 3115 1543 3201; baseline 0.002 -23"><span class='ocrx_word' id='word_1_178' title='bbox 339 3117 573 3179; x_wconf 90' lang='lat' dir='ltr'>testimonium</span> <span class='ocrx_word' id='word_1_179' title='bbox 599 3117 712 3199; x_wconf 86' lang='lat' dir='ltr'>(idque</span> <span class='ocrx_word' id='word_1_180' title='bbox 733 3119 788 3181; x_wconf 83' lang='lat' dir='ltr'>sui</span> <span class='ocrx_word' id='word_1_181' title='bbox 799 3118 925 3201; x_wconf 81' lang='lat' dir='ltr'>patris)</span> <span class='ocrx_word' id='word_1_182' title='bbox 946 3115 1120 3181; x_wconf 91' lang='lat' dir='ltr'>Othonem</span> <span class='ocrx_word' id='word_1_183' title='bbox 1138 3129 1267 3200; x_wconf 83' lang='lat' dir='ltr'>semper</span> <span class='ocrx_word' id='word_1_184' title='bbox 1287 3115 1413 3180; x_wconf 86' lang='lat' dir='ltr'>bellurn</span> <span class='ocrx_word' id='word_1_185' title='bbox 1434 3117 1543 3181; x_wconf 89' lang='lat' dir='ltr'>civile</span> 
     </span>
     <span class='ocr_line' id='line_1_24' title="bbox 339 3234 1543 3318; baseline 0.002 -21"><span class='ocrx_word' id='word_1_186' title='bbox 339 3254 413 3297; x_wconf 92' lang='lat' dir='ltr'>esse</span> <span class='ocrx_word' id='word_1_187' title='bbox 452 3234 669 3310; x_wconf 89' lang='lat' dir='ltr'>detestatum,</span> <span class='ocrx_word' id='word_1_188' title='bbox 705 3245 739 3298; x_wconf 94' lang='lat' dir='ltr'>et</span> <span class='ocrx_word' id='word_1_189' title='bbox 773 3237 947 3318; x_wconf 90' lang='lat' dir='ltr'>quomodo</span> <span class='ocrx_word' id='word_1_190' title='bbox 983 3234 1111 3300; x_wconf 90' lang='lat' dir='ltr'>Othoni</span> <span class='ocrx_word' id='word_1_191' title='bbox 1148 3234 1324 3298; x_wconf 90' lang='lat' dir='ltr'>consilium</span> <span class='ocrx_word' id='word_1_192' title='bbox 1359 3235 1409 3297; x_wconf 90' lang='lat' dir='ltr'>sui</span> <span class='ocrx_word' id='word_1_193' title='bbox 1446 3239 1543 3299; x_wconf 90' lang='lat' dir='ltr'>occi-</span> 
     </span>
     <span class='ocr_line' id='line_1_25' title="bbox 340 3353 1543 3418; baseline 0.003 -4"><span class='ocrx_word' id='word_1_194' title='bbox 340 3353 443 3415; x_wconf 93' lang='lat' dir='ltr'>dendi</span> <span class='ocrx_word' id='word_1_195' title='bbox 468 3361 584 3415; x_wconf 92' lang='lat' dir='ltr'>natum</span> <span class='ocrx_word' id='word_1_196' title='bbox 608 3354 652 3417; x_wconf 93' lang='lat' dir='ltr'>sit</span> <span class='ocrx_word' id='word_1_197' title='bbox 675 3355 866 3418; x_wconf 89' lang='lat' dir='ltr'>narratione</span> <span class='ocrx_word' id='word_1_198' title='bbox 886 3355 1030 3418; x_wconf 90' lang='lat' dir='ltr'>illustrat</span> <span class='ocrx_word' id='word_1_199' title='bbox 1049 3355 1092 3416; x_wconf 89' lang='lat' dir='ltr'>ad</span> <span class='ocrx_word' id='word_1_200' title='bbox 1114 3355 1245 3418; x_wconf 89' lang='lat' dir='ltr'>animos</span> <span class='ocrx_word' id='word_1_201' title='bbox 1265 3356 1543 3418; x_wconf 90' lang='lat' dir='ltr'>commovendos</span> 
     </span>
     <span class='ocr_line' id='line_1_26' title="bbox 339 3469 562 3553; baseline 0.004 -20"><span class='ocrx_word' id='word_1_202' title='bbox 339 3472 514 3553; x_wconf 88' lang='lat' dir='ltr'>aptissima</span> <span class='ocrx_word' id='word_1_203' title='bbox 531 3469 562 3553; x_wconf 81' lang='lat'>¹).</span> 
     </span>
    </p>

    <p class='ocr_par' dir='ltr' id='par_1_7' title="bbox 340 3590 1543 3795">
     <span class='ocr_line' id='line_1_27' title="bbox 385 3590 1543 3676; baseline 0.004 -23"><span class='ocrx_word' id='word_1_204' title='bbox 385 3591 421 3654; x_wconf 87' lang='lat' dir='ltr'>B.</span> <span class='ocrx_word' id='word_1_205' title='bbox 455 3592 526 3654; x_wconf 88' lang='lat' dir='ltr'>Iam</span> <span class='ocrx_word' id='word_1_206' title='bbox 564 3592 727 3656; x_wconf 88' lang='lat' dir='ltr'>Martialis</span> <span class='ocrx_word' id='word_1_207' title='bbox 761 3602 915 3676; x_wconf 90' lang='lat' dir='ltr'>tempore</span> <span class='ocrx_word' id='word_1_208' title='bbox 951 3593 1109 3657; x_wconf 87' lang='lat' dir='ltr'>exstabat</span> <span class='ocrx_word' id='word_1_209' title='bbox 1144 3590 1369 3674; x_wconf 80' lang='lat' dir='ltr'>„dramatica”</span> <span class='ocrx_word' id='word_1_210' title='bbox 1401 3591 1461 3655; x_wconf 87' lang='lat' dir='ltr'>illa</span> <span class='ocrx_word' id='word_1_211' title='bbox 1495 3596 1543 3658; x_wconf 90' lang='lat' dir='ltr'>de</span> 
     </span>
     <span class='ocr_line' id='line_1_28' title="bbox 340 3709 930 3795; baseline 0.002 -21"><span class='ocrx_word' id='word_1_212' title='bbox 340 3709 487 3775; x_wconf 91' lang='lat' dir='ltr'>Othonis</span> <span class='ocrx_word' id='word_1_213' title='bbox 511 3720 620 3775; x_wconf 93' lang='lat' dir='ltr'>morte</span> <span class='ocrx_word' id='word_1_214' title='bbox 645 3713 761 3795; x_wconf 91' lang='lat' dir='ltr'>opinio</span> <span class='ocrx_word' id='word_1_215' title='bbox 785 3712 847 3788; x_wconf 89' lang='lat' dir='ltr'>VI,</span> <span class='ocrx_word' id='word_1_216' title='bbox 874 3728 930 3794; x_wconf 86' lang='lat'>32:</span> 
     </span>
    </p>

    <p class='ocr_par' dir='ltr' id='par_1_8' title="bbox 395 3831 1298 3913">
     <span class='ocr_line' id='line_1_29' title="bbox 395 3831 1298 3913; baseline -0.002 -18"><span class='ocrx_word' id='word_1_217' title='bbox 395 3853 399 3862; x_wconf 57' lang='lat'><strong><em>¹</em></strong></span> <span class='ocrx_word' id='word_1_218' title='bbox 517 3831 604 3895; x_wconf 91' lang='lat' dir='ltr'>Cum</span> <span class='ocrx_word' id='word_1_219' title='bbox 628 3833 798 3896; x_wconf 84' lang='lat' dir='ltr'>dubitaret</span> <span class='ocrx_word' id='word_1_220' title='bbox 820 3832 928 3895; x_wconf 80' lang='lat' dir='ltr'>adhuc</span> <span class='ocrx_word' id='word_1_221' title='bbox 952 3831 1031 3895; x_wconf 90' lang='lat' dir='ltr'>belli</span> <span class='ocrx_word' id='word_1_222' title='bbox 1057 3831 1163 3894; x_wconf 89' lang='lat' dir='ltr'>civilis</span> <span class='ocrx_word' id='word_1_223' title='bbox 1188 3831 1298 3913; x_wconf 90' lang='lat' dir='ltr'>Enyo,</span> 
     </span>
    </p>

    <p class='ocr_par' dir='ltr' id='par_1_9' title="bbox 519 3948 1393 4271">
     <span class='ocr_line' id='line_1_30' title="bbox 563 3948 1320 4033; baseline -0.003 -20"><span class='ocrx_word' id='word_1_224' title='bbox 563 3952 721 4015; x_wconf 89' lang='lat' dir='ltr'>Forsitan</span> <span class='ocrx_word' id='word_1_225' title='bbox 747 3960 781 4014; x_wconf 91' lang='lat' dir='ltr'>et</span> <span class='ocrx_word' id='word_1_226' title='bbox 805 3950 915 4014; x_wconf 91' lang='lat' dir='ltr'>mollis</span> <span class='ocrx_word' id='word_1_227' title='bbox 937 3952 1066 4015; x_wconf 84' lang='lat' dir='ltr'>vincere</span> <span class='ocrx_word' id='word_1_228' title='bbox 1082 3962 1194 4033; x_wconf 83' lang='lat' dir='ltr'>posset</span> <span class='ocrx_word' id='word_1_229' title='bbox 1216 3948 1320 4023; x_wconf 92' lang='lat' dir='ltr'>Oth0,</span> 
     </span>
     <span class='ocr_line' id='line_1_31' title="bbox 519 4067 1393 4151; baseline 0 -21"><span class='ocrx_word' id='word_1_230' title='bbox 519 4069 703 4132; x_wconf 90' lang='lat' dir='ltr'>Damnavit</span> <span class='ocrx_word' id='word_1_231' title='bbox 727 4069 834 4131; x_wconf 91' lang='lat' dir='ltr'>multo</span> <span class='ocrx_word' id='word_1_232' title='bbox 858 4077 1023 4132; x_wconf 89' lang='lat' dir='ltr'>staturum</span> <span class='ocrx_word' id='word_1_233' title='bbox 1048 4069 1211 4151; x_wconf 84' lang='lat' dir='ltr'>sanguine</span> <span class='ocrx_word' id='word_1_234' title='bbox 1236 4067 1393 4142; x_wconf 88' lang='lat' dir='ltr'>Martem,</span> 
     </span>
     <span class='ocr_line' id='line_1_32' title="bbox 562 4187 1231 4271; baseline 0.003 -23"><span class='ocrx_word' id='word_1_235' title='bbox 562 4187 608 4249; x_wconf 88' lang='lat' dir='ltr'>Et</span> <span class='ocrx_word' id='word_1_236' title='bbox 632 4187 718 4251; x_wconf 82' lang='lat' dir='ltr'>fodit</span> <span class='ocrx_word' id='word_1_237' title='bbox 741 4196 833 4252; x_wconf 91' lang='lat' dir='ltr'>certa</span> <span class='ocrx_word' id='word_1_238' title='bbox 858 4197 997 4271; x_wconf 89' lang='lat' dir='ltr'>pectora</span> <span class='ocrx_word' id='word_1_239' title='bbox 1021 4197 1095 4251; x_wconf 89' lang='lat' dir='ltr'>tota</span> <span class='ocrx_word' id='word_1_240' title='bbox 1119 4207 1231 4250; x_wconf 90' lang='lat' dir='ltr'>manu.</span> 
     </span>
    </p>
   </div>
   <div class='ocr_carea' id='block_1_5' title="bbox 340 4355 1546 4508">
    <p class='ocr_par' dir='ltr' id='par_1_10' title="bbox 340 4355 1546 4508">
     <span class='ocr_line' id='line_1_33' title="bbox 378 4355 1546 4428; baseline 0.003 -21"><span class='ocrx_word' id='word_1_241' title='bbox 378 4358 404 4424; x_wconf 82' lang='grc' dir='ltr'>ι)</span> <span class='ocrx_word' id='word_1_242' title='bbox 429 4357 479 4406; x_wconf 84' lang='lat' dir='ltr'>Illa</span> <span class='ocrx_word' id='word_1_243' title='bbox 505 4355 618 4404; x_wconf 85' lang='lat' dir='ltr'>narratio</span> <span class='ocrx_word' id='word_1_244' title='bbox 643 4371 697 4405; x_wconf 91' lang='lat' dir='ltr'>non</span> <span class='ocrx_word' id='word_1_245' title='bbox 721 4364 760 4406; x_wconf 86' lang='lat' dir='ltr'>est</span> <span class='ocrx_word' id='word_1_246' title='bbox 784 4357 856 4422; x_wconf 87' lang='lat' dir='ltr'>apud</span> <span class='ocrx_word' id='word_1_247' title='bbox 880 4358 1000 4408; x_wconf 86' lang='lat' dir='ltr'>Tacitum</span> <span class='ocrx_word' id='word_1_248' title='bbox 1024 4372 1056 4406; x_wconf 90' lang='lat' dir='ltr'>eo</span> <span class='ocrx_word' id='word_1_249' title='bbox 1081 4357 1148 4423; x_wconf 74' lang='lat' dir='ltr'>loco,</span> <span class='ocrx_word' id='word_1_250' title='bbox 1173 4357 1219 4406; x_wconf 88' lang='lat' dir='ltr'>ubi</span> <span class='ocrx_word' id='word_1_251' title='bbox 1244 4356 1277 4406; x_wconf 90' lang='lat' dir='ltr'>de</span> <span class='ocrx_word' id='word_1_252' title='bbox 1302 4355 1408 4406; x_wconf 88' lang='lat' dir='ltr'>Othone</span> <span class='ocrx_word' id='word_1_253' title='bbox 1434 4359 1546 4428; x_wconf 78' lang='lat' dir='ltr'>agitur3</span> 
     </span>
     <span class='ocr_line' id='line_1_34' title="bbox 340 4441 1103 4508; baseline -0.003 -16"><span class='ocrx_word' id='word_1_254' title='bbox 340 4442 445 4492; x_wconf 90' lang='lat' dir='ltr'>demum</span> <span class='ocrx_word' id='word_1_255' title='bbox 463 4442 513 4508; x_wconf 87' lang='lat'>111,</span> <span class='ocrx_word' id='word_1_256' title='bbox 533 4451 566 4506; x_wconf 83' lang='lat'>54</span> <span class='ocrx_word' id='word_1_257' title='bbox 585 4441 690 4508; x_wconf 84' lang='lat' dir='ltr'>legitur,</span> <span class='ocrx_word' id='word_1_258' title='bbox 709 4443 755 4492; x_wconf 90' lang='lat' dir='ltr'>ubi</span> <span class='ocrx_word' id='word_1_259' title='bbox 775 4443 876 4492; x_wconf 84' lang='lat' dir='ltr'>Vitellii</span> <span class='ocrx_word' id='word_1_260' title='bbox 895 4459 935 4492; x_wconf 89' lang='lat' dir='ltr'>res</span> <span class='ocrx_word' id='word_1_261' title='bbox 954 4449 1103 4492; x_wconf 84' lang='lat' dir='ltr'>tractantur.</span> 
     </span>
    </p>
   </div>
   <div class='ocr_carea' id='block_1_6' title="bbox 0 0 1647 5238">
    <p class='ocr_par' dir='ltr' id='par_1_11' title="bbox 0 0 1647 5238">
     <span class='ocr_line' id='line_1_35' title="bbox 0 0 1647 5238; baseline 0 0"><span class='ocrx_word' id='word_1_262' title='bbox 0 0 1647 5238; x_wconf 95' lang='lat' dir='ltr'> </span> 
     </span>
    </p>
   </div>
  </div>
 </body>
</html>
