3228 5236
656 391 710 458 17¹

98 553 308 636 Quapropter
339 576 400 637 pro
432 567 596 620 constaret
625 556 807 638 legendum
839 576 961 618 censeo
993 565 1120 629 constet,
1155 562 1190 617 ut
1214 553 1279 615 hoc

98 675 183 738 dicat
202 675 355 738 Tacitus:
391 675 472 756 ,hac
493 697 528 739 re
548 676 763 739 considerata
782 696 844 758 pro
865 684 958 738 certo
978 675 1154 756 affirmare
1172 675 1279 737 ausim

98 813 159 857 non
182 795 265 858 alios
290 796 440 877 potiores
464 795 597 859 luisse.’'

135 911 240 977 Simili
261 915 346 977 vitio
365 914 419 978 hic
441 916 535 978 locus
548 915 621 998 (IV,
636 917 689 999 74)
704 916 846 978 laborat.
860 915 1135 979 Commemorata
1147 914 1281 976 abiecta

96 1035 147 1097 illa
166 1036 361 1099 adulatione
381 1055 449 1118 qua
468 1046 605 1100 senatus
624 1037 798 1100 Tiberium
820 1035 1057 1117 Seianumque,
1075 1055 1152 1098 cunr
1166 1035 1282 1097 relicta

94 1174 148 1216 sua
170 1155 278 1218 insula
301 1155 476 1237 aliquanto
500 1157 639 1238 propius
662 1157 706 1220 ad
732 1156 850 1219 urbem
870 1156 1083 1230 accederent,
1103 1155 1147 1216 sit
1167 1173 1281 1236 prose·

93 1283 195 1348 cutus,
220 1275 304 1337 haec
329 1275 517 1338 adduntur:

135 1391 223 1456 Satis
257 1394 438 1458 constabat
470 1404 606 1458 auctam
642 1395 673 1458 ei
704 1396 932 1476 arrogantiam
964 1393 1102 1458 foedum
1133 1393 1214 1456 illud
1246 1393 1279 1455 in

93 1512 270 1594 propatulo
294 1513 469 1576 servitium
493 1513 696 1596 spectanti.”

134 1632 222 1708 Non,
245 1641 282 1694 ut
302 1634 433 1715 opinor,
456 1634 688 1697 Romanorum
709 1635 766 1716 qui
787 1633 914 1696 Tiberii
934 1631 1282 1714 Seianiquetempore

92 1752 258 1826 vixerunt,
290 1751 345 1815 hic
377 1753 538 1816 iudicium
569 1754 744 1834 quoddam
775 1751 931 1828 refertur3
957 1752 1027 1814 iure
1052 1752 1141 1814 enim
1166 1758 1283 1813 nostro

92 1891 294 1952 rogaremus,
319 1873 494 1953 quomodo
519 1872 653 1935 illorum
677 1871 852 1935 hominum
874 1871 1062 1934 communis
1082 1871 1145 1932 ista
1165 1871 1283 1952 opinio

90 1989 210 2053 Tacito
241 1992 453 2054 innotescere
485 1992 646 2073 potuerit,
678 1999 770 2054 certe
794 1991 838 2054 ab
863 2011 904 2053 eo
928 2011 1016 2053 nunc
1040 2010 1112 2052 rem
1134 1989 1281 2070 aliquam

92 2119 261 2172 narratum
286 2111 324 2173 iri
350 2119 634 2192 exspectaremus,
659 2130 746 2191 quae
771 2111 978 2173 documento
1002 2117 1091 2171 esset
1114 2109 1181 2171 iarn
1201 2107 1283 2170 olim

92 2249 166 2290 earn
199 2227 267 2290 lere
299 2229 423 2292 civium
453 2227 553 2291 luisse
577 2229 792 2291 sententiam.
818 2226 896 2303 Sed,
922 2228 983 2290 nisi
1009 2227 1123 2289 omnia
1147 2247 1201 2289 me
1226 2226 1284 2289 lal-

94 2347 176 2423 lunt,
206 2349 286 2429 quid
311 2349 383 2430 ipse
408 2357 546 2411 censeat
570 2349 709 2411 Tacitus
733 2347 787 2411 hic
812 2349 964 2430 exponit,
988 2347 1043 2410 vel
1067 2348 1181 2430 potius
1204 2347 1286 2428 quid

94 2468 183 2548 apud
211 2467 385 2550 plerosque
414 2468 597 2544 historicos,
630 2488 774 2549 quorum
806 2467 909 2529 libros
940 2468 983 2530 de
1015 2467 1077 2529 hac
1102 2474 1214 2528 aetate
1238 2466 1287 2528 in·

92 2586 214 2666 spexit,
240 2586 419 2648 invenerit.
445 2587 538 2668 Ergo
561 2587 644 2651 satis
668 2597 793 2651 constat
816 2586 1008 2668 legendum.

136 2823 180 2886 A.
203 2823 263 2898 IV,
291 2841 340 2887 11.
364 2825 413 2889 Ut
433 2825 585 2907 ineptam
606 2825 763 2888 fabellam
784 2827 827 2888 de
848 2847 980 2889 veneno
1000 2825 1044 2888 ab
1062 2826 1136 2908 ipso
1148 2824 1287 2887 Tiberio

93 2943 205 3006 Druso
237 2942 306 3006 filio
338 2945 465 3007 tradito
496 2944 619 3008 relutet
650 2945 774 3028 (Seiani
798 2966 922 3027 nempe
947 2945 1063 3008 fraude
1087 2965 1154 3008 non
1178 2942 1286 3006 solum

93 3061 277 3144 pellectum
310 3063 470 3145 Lygdum
495 3063 655 3127 libertum
679 3072 717 3127 ut
741 3062 910 3127 venenuin
935 3065 1045 3128 Druso
1070 3071 1203 3146 pararet
1227 3064 1287 3127 sed

93 3181 198 3244 etiam
229 3182 369 3245 Tiberio
401 3202 598 3264 persuasum
629 3183 734 3246 filium
766 3185 797 3246 ei
822 3184 965 3248 nefarias
988 3193 1117 3248 struere
1141 3184 1288 3259 insidias,

92 3299 270 3364 Tiberium
295 3321 375 3382 ergo
399 3301 569 3384 poculum,
594 3303 686 3384 quod
709 3310 746 3365 ut
765 3303 889 3366 vitaret
910 3305 1058 3368 monitus
1077 3312 1176 3380 esset,
1197 3303 1289 3366 obla·

93 3428 167 3482 tum
187 3422 360 3502 accepisse
380 3421 512 3502 ipsique
533 3421 602 3484 filio
622 3421 830 3485 ebibendum
851 3423 995 3498 dedisse,
1017 3443 1130 3485 rumor
1148 3421 1289 3502 serebat)

92 3549 127 3602 et
152 3539 227 3602 aliis
251 3541 356 3602 utitur
379 3540 586 3621 argumentis
609 3539 748 3603 Tacitus
772 3550 806 3603 et
830 3541 910 3604 hoc:

141 3657 253 3740 ,Quin
275 3659 387 3740 potius
408 3658 597 3721 ministrum
618 3661 740 3722 veneni
753 3661 971 3732 excruciaret,
986 3665 1159 3721 auctorem
1172 3655 1289 3737 exqui-

91 3787 193 3854 reret,
220 3779 319 3840 insita
342 3778 490 3859 denique
514 3778 617 3840 etiam
641 3779 674 3840 in
699 3786 879 3840 extraneos
903 3776 1119 3840 cunctatione
1140 3785 1174 3838 et
1195 3795 1289 3838 mora

90 3899 275 3962 adversum
299 3899 436 3960 unicum
457 3906 492 3960 et
513 3895 634 3960 nullius
653 3906 733 3960 ante
747 3896 863 3977 flagitii
876 3905 1090 3979 compertum
1103 3893 1288 3958 utereturl”

138 4017 269 4098 Utique
294 4024 372 4098 post
395 4028 595 4099 compertum
621 4016 837 4078 inserendum
862 4024 912 4078 est
930 4015 1054 4101 filium.
1075 4013 1131 4080 Sic
1151 4015 1289 4077 demum

91 4148 271 4198 extraneos
290 4133 431 4197 habebit
451 4136 544 4216 quod
565 4143 656 4197 recte
676 4144 881 4216 opponatur,
901 4144 935 4198 et
956 4137 1085 4199 unicum
1103 4135 1215 4196 dicere
1228 4154 1291 4215 pro

94 4257 228 4320 unicum
246 4255 360 4340 filium
386 4275 427 4318 ne
452 4255 612 4318 Latinum
639 4255 777 4336 quidem
802 4257 945 4319 videtur.
