3266 5238
686 450 747 514 ¹39

161 611 209 674 Et
241 631 284 674 ne
317 619 475 694 putemus
506 611 664 676 Taciturn
696 611 778 675 illud
810 611 987 674 consilium
1017 630 1112 674 suam
1136 611 1311 691 socerique

113 731 335 813 prudentiam
367 732 649 814 modestiamque,
682 752 763 814 prae
791 729 1002 812 „Stoicorum
1026 732 1167 794 istorum
1191 731 1311 794 intern-

113 850 251 933 pestiva
273 849 463 932 sapientia”
487 850 673 914 extollendi
698 851 866 926 omittere,
887 871 964 913 cum
984 851 1028 914 de
1048 849 1176 913 Tiberii
1195 848 1312 914 scribit

114 979 286 1053 tempore,
300 971 383 1034 haec
396 972 649 1035 consideremus
662 971 766 1034 verba
778 991 822 1034 ex
834 968 900 1036 IV⁰
912 970 998 1034 libro
1011 969 1197 1033 Annalium
1211 990 1239 1032 c.
1254 986 1311 1034 20:

165 1091 287 1167 ‚Hunc
312 1111 376 1173 ego
401 1090 573 1173 Lepidum
594 1091 805 1173 temporibus
824 1090 888 1153 illis
907 1109 1046 1173 gravem
1067 1098 1101 1153 et
1121 1090 1311 1172 sapientem

114 1213 228 1274 virum
249 1210 349 1274 fuisse
369 1211 570 1294 comperior,
592 1230 671 1273 nam
691 1211 851 1294 pleraque
871 1210 915 1274 ab
935 1211 1044 1274 saevis
1060 1209 1312 1274 adulationibus

110 1331 260 1394 aliorum
284 1331 318 1392 in
343 1329 462 1393 melius
486 1330 590 1393 flexit.
615 1329 736 1412 Neque
760 1339 875 1394 tamen
894 1331 1155 1414 temperamenti
1176 1331 1310 1412 egebat,

112 1471 196 1514 curn
228 1450 397 1532 aequabili
428 1451 631 1514 auctoritate
662 1459 696 1513 et
719 1452 828 1533 gratia
851 1459 933 1534 aput
957 1450 1131 1515 Tiberium
1155 1451 1310 1532 viguerit.

112 1570 222 1635 Unde
255 1569 409 1634 dubitare
441 1589 556 1652 cogor,
585 1569 655 1633 sato
686 1579 721 1634 et
745 1578 835 1634 sorte
859 1571 1031 1646 nascendi,
1055 1579 1093 1634 ut
1115 1579 1239 1646 cetera,
1264 1571 1311 1633 ita

111 1691 310 1774 principum
341 1691 515 1755 inclinatio
546 1691 580 1754 in
612 1692 684 1767 hos,
715 1692 857 1755 offensio
881 1693 915 1754 in
940 1691 1024 1766 illos,
1049 1713 1092 1754 an
1116 1692 1159 1755 sit
1182 1691 1310 1773 aliquid

111 1812 149 1874 in
178 1811 299 1873 nostris
323 1811 471 1874 consiliis
494 1810 662 1894 liceatque
687 1813 774 1875 inter
797 1813 977 1895 abruptam
1002 1812 1251 1875 contumaciam
1276 1820 1311 1874 et

111 1930 270 1995 deforme
283 1931 484 2013 obsequium
499 1951 639 2014 pergere
653 1931 910 1995 iterambitione
919 1952 958 1995 ac
967 1931 1124 2015 periculis
1134 1929 1310 1994 vacuum.’'

164 2051 369 2132 Unquamne
393 2051 479 2113 duos
502 2051 606 2126 locos,
628 2052 762 2114 diverso
782 2059 937 2134 tempore
956 2051 1110 2134 scriptos,
1132 2059 1202 2115 tam
1222 2051 1311 2114 inter

110 2191 151 2234 se
177 2178 342 2252 cognatos
366 2170 480 2233 vidisti
504 2191 606 2253 quarn
631 2172 719 2234 hunc
743 2173 787 2234 de
807 2172 861 2234 via
883 2172 995 2234 media
1014 2171 1182 2234 tutissima
1202 2170 1309 2236 illum-

1 2331 2 2342 i
113 2309 185 2372 que
212 2310 256 2352 ex
281 2289 442 2371 Agricola
467 2291 509 2354 de
534 2292 665 2372 magnis
689 2291 778 2366 viris
804 2291 861 2373 qui
886 2292 989 2354 etiam
1013 2291 1076 2354 sub
1100 2289 1196 2355 malis
1221 2290 1309 2374 priu-

114 2411 252 2493 cipibus
278 2411 343 2474 tuti
373 2409 517 2474 suerint?
541 2411 587 2474 Et
610 2431 724 2474 nonne
749 2410 940 2493 utrobique,
964 2420 1140 2495 tamquam
1165 2413 1199 2475 in
1223 2421 1312 2476 tran·

112 2531 194 2604 situ,
228 2529 498 2612 perstringuntur
533 2529 682 2610 „insani”
710 2529 767 2605 illi,
793 2531 850 2612 qui
874 2540 947 2594 tota
971 2551 1031 2594 sua
1054 2533 1124 2594 vita
1148 2551 1216 2594 non
1240 2540 1312 2595 tarn

112 2649 199 2742 quid
235 2656 323 2710 esset
358 2647 589 2711 cautissimum
625 2648 841 2731 maximeque
877 2650 1033 2732 periculis
1064 2669 1218 2724 vacuum,
1250 2651 1310 2714 sed

111 2769 197 2850 quid
227 2769 334 2832 virtus
365 2768 582 2849 officiumque
612 2788 710 2831 suum
735 2769 921 2851 postularet
945 2767 1159 2852 rogaverint?
1184 2769 1311 2832 Laetus

112 2909 150 2950 se
182 2886 360 2969 aequalem
392 2887 539 2970 aliquem
564 2887 703 2951 Tiberio
728 2888 896 2952 invenisse
916 2888 1124 2970 Agricolam,
1149 2909 1189 2952 ea
1212 2909 1309 2952 occa-

110 3007 208 3070 sione
242 3007 345 3070 utitur
376 3007 536 3070 dilectam
568 3007 660 3071 illam
690 3008 754 3070 sibi
786 3009 980 3091 proferendi
1011 3009 1308 3092 reprehensionem

114 3145 233 3189 eorum
262 3127 421 3202 virorum,
447 3127 489 3191 de
514 3127 637 3209 quibus
661 3128 810 3210 cogitare
835 3149 902 3191 non
928 3135 1041 3212 potest
1066 3129 1146 3212 quin
1172 3149 1308 3214 compa·

114 3245 284 3309 rationem
306 3253 471 3308 vereatur.
493 3246 655 3309 Fueritne
676 3246 814 3311 Tiberio
835 3248 1024 3331 imperante
1045 3250 1165 3313 eadem
1186 3249 1309 3314 Stoicis

114 3365 250 3429 virtutis
269 3384 349 3429 suae
369 3367 593 3430 ostentandae
614 3367 747 3430 occasio
767 3388 854 3450 quae
874 3368 937 3432 sub
958 3370 1167 3446 Domitiano,
1188 3390 1307 3453 parurn

114 3492 221 3559 curat,
254 3484 309 3547 vel
339 3485 452 3567 potius
483 3485 586 3548 talem
617 3507 677 3550 sua
709 3488 901 3551 narratione
928 3488 1056 3551 Tiberii
1080 3490 1306 3572 principatum

114 3604 212 3686 fingit
244 3612 281 3667 ut
311 3603 405 3666 locus
435 3604 479 3667 sit
506 3604 540 3668 et
563 3606 670 3669 cautis
695 3606 889 3670 hominibus
912 3626 1080 3670 summum
1105 3609 1196 3670 vitae
1220 3609 1306 3690 peri·

113 3723 226 3786 culum
260 3724 345 3785 mira
370 3724 518 3804 quadam
542 3724 728 3788 vitantibus
752 3727 932 3808 prudentia
956 3725 990 3789 et
1018 3725 1201 3807 „abruptae
1226 3746 1304 3790 con·

113 3841 314 3906 tumaciae”.

158 3963 355 4026 Boissierius
375 3963 408 4025 in
430 3964 573 4046 egregiis
593 3963 667 4040 illis,
688 3983 771 4047 quas
792 3964 948 4046 proximo
969 3985 1058 4028 anno
1079 3966 1204 4048 publici
1225 3968 1304 4030 iuris

113 4081 202 4157 lecit,
222 4083 266 4146 de
285 4081 406 4145 Tacito
424 4082 711 4165 disputationibus
723 4091 758 4146 et
770 4083 835 4146 alia
848 4083 953 4147 multa
967 4085 1094 4167 profert
1108 4087 1303 4168 dignissima

114 4221 200 4282 quae
223 4211 381 4265 accurate
406 4204 656 4285 perpendamus
680 4211 714 4265 et
738 4202 818 4266 hoc:
848 4204 1083 4284 „Domitianus
1108 4225 1217 4287 neque
1242 4204 1304 4268 fuit

115 4319 224 4384 fatuus
256 4330 293 4383 ut
325 4317 487 4403 Caligula]
519 4341 629 4404 neque
661 4321 765 4385 hebes
797 4332 833 4387 ut
865 4323 1041 4399 Claudius;
1066 4323 1172 4386 multo
1198 4325 1305 4406 magis

115 4438 239 4503 Tiberii
270 4441 389 4504 similis
419 4440 503 4504 est.'’
536 4441 614 4504 Non
639 4442 798 4506 miramur
821 4445 904 4518 viro,
928 4444 985 4526 qui
1010 4444 1043 4506 in
1067 4443 1188 4506 Tacito
1212 4453 1304 4510 totus
