3258 5240
666 464 707 530 29

85 626 207 691 Altera
232 629 282 690 vir
307 628 428 691 doctus
450 629 596 691 tentavit
621 628 712 710 quod
738 627 860 710 legitur
886 626 930 690 A.
956 628 1017 703 ΙΙΙ,
1041 646 1103 710 49:

132 750 219 811 Fine
254 749 333 811 anni
369 748 558 812 Clutorium
593 748 753 824 Priscum,
786 749 937 830 equitem
970 748 1173 823 Romanum,
1204 757 1282 830 post

85 866 221 930 celebre
253 887 400 942 carmen,
426 887 494 949 quo
519 867 710 930 Germanici
736 887 894 949 suprema
917 865 1113 942 defleverat,
1138 869 1282 949 pecunia

86 986 251 1048 donatum
277 1008 297 1049 a
321 986 475 1061 Caesare,
499 987 661 1069 corripuit
687 986 829 1063 delator,
853 987 1028 1050 obiectans
1047 1007 1150 1068 aegro
1171 987 1282 1050 Druso

85 1107 328 1188 composuisse,
360 1107 464 1189 quod,
496 1108 522 1169 si
552 1108 739 1170 exstinctus
762 1107 860 1183 foret,
885 1109 1012 1171 maiore
1036 1109 1188 1190 praemio
1212 1109 1283 1171 vul·

84 1235 232 1308 garetur.
259 1226 298 1289 ld
323 1225 492 1289 Clutorius
516 1227 549 1288 in
575 1227 678 1288 domo
704 1226 738 1289 P.
763 1226 910 1289 Petronii
935 1246 1032 1289 socru
1058 1227 1128 1290 eius
1141 1226 1282 1291 Vitellia

85 1365 203 1407 coram
228 1345 409 1426 multisque
434 1345 617 1408 illustribus
640 1344 773 1408 feminis
797 1366 858 1427 per
881 1346 1171 1427 vaniloquentiam
1191 1345 1280 1428 lege-

85 1471 150 1526 rat.
188 1464 236 1527 Ut
268 1463 400 1526 delator
431 1465 572 1540 exstitit,
604 1465 725 1526 ceteris
755 1466 798 1527 ad
832 1466 1015 1528 dicendum
1047 1465 1278 1529 testimonium

84 1583 268 1658 exterritis
292 1583 364 1646 sola
388 1582 527 1646 Vitellia
552 1583 634 1646 nihil
658 1603 694 1646 se
718 1584 886 1646 audivisse
910 1584 1135 1650 adseveravit.

134 1703 199 1766 Pro
230 1702 359 1785 legerat
389 1702 639 1766 Weisbrodtius
670 1703 816 1766 coniecit
848 1705 978 1778 iecerat,
1011 1705 1103 1785 quod
1129 1705 1281 1787 plerique

84 1823 238 1884 editores
258 1824 291 1885 in
312 1830 444 1884 textum
465 1832 675 1905 receperunt,
696 1823 768 1897 hac,
791 1823 904 1898 cred0,
926 1844 960 1885 re
975 1823 1058 1885 moti
1071 1824 1164 1904 quod
1178 1824 1280 1886 etiam

86 1943 150 2017 Vl,
184 1960 221 2022 31
255 1943 396 2005 iaciendi
425 1942 566 2005 verbum
597 1962 674 2005 cum
708 1942 881 2005 vocabulis
907 1954 972 2025 per
1001 1943 1278 2025 vaniloquentiam

85 2061 248 2143 iungitur,
279 2061 375 2142 quasi
406 2081 488 2124 vero
520 2060 602 2124 nihil
633 2061 723 2123 aliud
755 2082 816 2143 per
847 2061 1138 2143 vaniloquentiam
1170 2061 1281 2124 facere

85 2181 269 2262 quisquam
292 2181 398 2262 possit
422 2200 524 2261 quarn
545 2181 660 2254 iacere,
677 2180 830 2263 gloriari
848 2179 979 2244 similia.
1000 2178 1050 2242 At
1069 2200 1134 2262 ego
1154 2181 1283 2264 legerat

84 2301 304 2364 retinendum
336 2320 469 2362 censeo.
503 2300 554 2362 De
586 2307 695 2362 morte
728 2299 919 2374 Germanici
950 2299 1119 2363 Clutorius
1143 2320 1279 2364 carmen

83 2419 216 2482 fecerat
247 2428 282 2481 et
311 2420 440 2501 grande
472 2439 533 2500 pro
564 2438 606 2480 eo
637 2426 816 2499 acceperat
841 2419 1028 2500 praemium
1038 2445 1045 2495 ;
1072 2419 1212 2482 vixdum
1237 2421 1279 2483 de

85 2539 212 2602 morbo
244 2537 343 2600 Drusi
375 2538 498 2600 certior
525 2537 633 2600 lactus
656 2544 707 2599 est
731 2546 776 2612 et,
802 2537 937 2599 maioris
960 2538 1126 2600 mercedis
1150 2558 1220 2619 spe,
1244 2558 1280 2602 se

83 2659 130 2720 ad
164 2677 291 2720 novum
323 2659 470 2740 accingit
501 2677 634 2740 poema.
664 2658 804 2739 lamque
829 2666 960 2739 partem
985 2657 1056 2720 eius
1081 2658 1282 2721 recitaverat

83 2778 303 2860 quibusdam,
338 2778 397 2858 qui
429 2777 590 2840 eiusmodi
622 2777 850 2839 recitationum
881 2777 1148 2858 auditiouumque
1178 2797 1279 2840 causa

81 2909 313 2961 convenerant.
336 2897 424 2960 Nam
444 2896 548 2959 talem
569 2904 776 2959 conventum
797 2896 886 2958 haud
901 2896 1003 2959 dubie
1017 2896 1128 2959 verbis
1141 2895 1175 2958 in
1187 2896 1280 2972 domo

81 3017 125 3080 P.
152 3017 308 3081 Petronii
329 3038 440 3080 coram
465 3017 579 3080 miultis
601 3015 789 3079 illustribus
800 3016 943 3099 seminis
963 3017 1123 3080 describit
1143 3016 1281 3080 Tacitus

82 3147 119 3199 et
143 3145 281 3199 tantum
305 3157 373 3199 non
399 3136 563 3218 depingit.
589 3134 644 3197 An
670 3143 769 3217 putas
793 3133 967 3197 Vitelliam
990 3155 1112 3218 negare
1133 3157 1200 3199 non
1222 3157 1281 3220 po-

80 3258 191 3321 tuisse
215 3257 382 3320 audivisse
404 3277 437 3319 se
459 3255 548 3337 quod
567 3276 679 3318 coram
703 3256 777 3338 ipsa
801 3254 910 3318 fuerat
930 3254 1127 3318 recitatum?
1148 3256 1281 3340 Inspice

81 3396 168 3458 ergo
193 3375 286 3438 Ann.
312 3374 408 3450 XIV,
432 3377 494 3454 48:

128 3494 353 3558 Antistius..
375 3495 538 3576 probrosa
558 3494 720 3556 adversus
740 3493 928 3576 principem
949 3496 1099 3558 carmina
1114 3495 1281 3559 factitavit

80 3616 302 3700 vulgavitque
335 3614 452 3678 celebri
485 3615 640 3688 convivio,
671 3615 749 3677 dum
782 3615 875 3696 apud
904 3613 1070 3678 Ostorium
1103 3613 1279 3698 Scapulam

78 3737 243 3820 epulatur
264 3783 381 3798 ......
405 3735 450 3798 Et
469 3755 546 3798 cum
567 3732 720 3797 Ostorius
734 3733 822 3796 uiuit
830 3733 997 3797 audivisse
1008 3752 1069 3816 pro
1083 3733 1279 3796 testimonio

79 3856 251 3918 dixisset.
266 3902 274 3916 .
288 3903 295 3916 .
311 3902 318 3916 .

128 3984 166 4038 et
190 3982 372 4056 exemptus
395 3973 457 4036 tibi
481 3973 591 4037 omnis
614 3972 677 4034 erit
701 3970 886 4054 scrupulus.

575 4244 794 4256 1——
