3248 5230
682 439 744 519 283

113 639 279 700 mumque
310 618 516 701 reipublicae
548 617 665 702 populi
697 619 842 681 Romani
875 617 1008 691 accidit,
1040 616 1132 680 nullo
1163 624 1307 678 externo

1 769 2 800 ;
113 739 225 814 hoste,
259 739 425 823 propitiiS,
458 740 484 801 si
518 759 579 822 per
611 757 722 801 mores
753 745 886 802 nostros
917 737 1044 812 liceret,
1076 737 1158 810 deis,
1189 735 1307 798 sedem

1 873 2 878 ’
112 859 207 921 Iovis
238 857 369 942 Optimi
403 858 544 922 Maximi
576 859 752 940 auspicato
780 878 800 920 a
824 857 1007 920 maioribus
1030 856 1152 938 pignus
1175 854 1307 938 imperii

110 979 300 1054 conditam,
325 998 428 1061 quam
449 998 516 1042 non
537 977 709 1042 Porsenna
728 977 845 1040 dedita
865 977 948 1040 urbe
969 997 1080 1058 neque
1101 975 1187 1040 Galli
1207 983 1308 1057 capta

112 1109 283 1163 temerare
307 1099 507 1183 potuissent,
532 1097 642 1162 furore
667 1099 859 1182 principum
883 1096 1052 1162 excindi.”

162 1220 315 1282 Rectene
329 1220 498 1302 principes
518 1227 738 1302 opponuntur
759 1218 950 1281 Porsennae
964 1216 1146 1299 Gallisque,
1160 1216 1310 1278 externis

115 1336 293 1402 hostibus?
325 1338 403 1402 Non
435 1339 574 1421 opinor;
606 1340 666 1402 sed
698 1347 734 1402 ut
766 1339 858 1402 dicat
890 1336 1017 1420 aliquid
1046 1336 1186 1400 Tacitus
1214 1335 1307 1417 quod
1337 1389 1340 1397 .

114 1459 205 1522 bene
232 1459 423 1534 cohaereat,
449 1479 511 1541 pro
529 1460 720 1542 principum
744 1459 928 1542 legendum
952 1445 1003 1522 est
1025 1457 1156 1521 civium.
1181 1455 1308 1519 Totum

116 1579 207 1641 istud
220 1579 413 1662 principum
433 1579 623 1660 arrogantis
642 1577 821 1661 magistelli
842 1587 892 1641 est
913 1577 1099 1651 annotatio,
1120 1575 1178 1657 qul
1198 1577 1308 1658 ipsum

115 1698 276 1760 Tacitum
300 1699 467 1779 corrigere
492 1697 605 1761 vellet.
630 1698 784 1780 Ipsorum
809 1706 923 1760 autem
948 1696 1138 1779 principum
1160 1696 1193 1757 in
1212 1693 1311 1777 Capi·

115 1815 190 1880 tolii
223 1817 381 1880 incendio
413 1815 524 1880 nullae
557 1825 671 1900 partes
702 1816 853 1893 fuerunt;
886 1817 985 1879 unica
1008 1815 1238 1878 atrocissimae
1262 1814 1309 1877 rei

116 1956 219 2000 causa
242 1943 315 2000 erat
339 1936 430 1999 furor
453 1936 582 2020 populi.

165 2173 208 2236 H.
234 2173 294 2250 ΙΙΙ,
320 2175 373 2256 83.
406 2175 638 2257 Pugnantibus
661 2175 695 2238 in
720 2193 843 2257 campo
868 2174 994 2238 Martio
1018 2172 1211 2238 Vitellianis
1234 2173 1311 2237 Fla·

117 2295 296 2375 vianisque
315 2296 433 2358 aderat
453 2294 573 2377 vulgus
593 2295 683 2358 haud
703 2294 770 2358 alio
790 2295 903 2358 animo
924 2315 1025 2377 quam
1044 2295 1070 2358 si
1084 2294 1310 2377 gladiatorum

118 2415 279 2478 ederetur
310 2413 559 2497 spectaculum;
585 2413 870 2496 protrahebantur
893 2414 1171 2496 aspectantibus
1194 2414 1251 2495 qui
1277 2414 1310 2477 in

118 2535 252 2618 aliquas
271 2534 493 2617 confugerant
514 2534 671 2609 latebras,
692 2533 808 2617 spoliis
828 2534 1022 2616 potiebatur
1042 2533 1198 2616 populus.
1223 2533 1313 2596 Hinc

117 2656 154 2717 in
187 2655 309 2718 eadem
340 2654 422 2717 urbe
446 2653 545 2717 simul
569 2663 709 2716 cruenta
733 2656 855 2717 caedes
879 2663 950 2716 erat
974 2662 1009 2716 et
1032 2653 1150 2716 insana
1173 2651 1312 2715 laetitia.

119 2773 185 2838 His
206 2794 281 2837 eam
306 2795 377 2838 rem
401 2774 563 2838 describit
586 2774 699 2838 verbis
723 2774 880 2838 Tacitusr

169 2893 297 2974 ,Saeva
327 2912 368 2956 ac
394 2893 556 2958 deformis
579 2893 662 2957 urbe
686 2901 759 2956 tota
783 2893 902 2956 facies:
926 2892 1006 2955 alibi
1031 2892 1160 2974 proelia
1183 2898 1217 2953 et
1242 2889 1312 2954 vul·
1339 2969 1346 2978 ι

117 3033 210 3089 nera,
243 3013 323 3076 alibi
355 3011 509 3076 balineae
540 3013 774 3097 popinaeque;
805 3011 904 3076 simul
928 3031 1027 3075 cruor
1050 3019 1085 3075 et
1108 3019 1216 3074 strues
1240 3029 1312 3072 cor·

119 3152 253 3216 porum,
278 3133 373 3212 iuxta
396 3142 508 3197 scorta
531 3141 566 3196 et
589 3134 710 3196 scortis
732 3131 892 3196 similes.’'

171 3253 236 3315 Hic
266 3271 387 3315 vocem
419 3272 453 3334 q.
477 3273 505 3315 e.
530 3253 632 3316 simul
653 3253 882 3336 Nipperdeius
906 3250 1050 3327 inclusit,
1077 3259 1111 3314 et
1135 3257 1249 3335 potest
1273 3270 1314 3314 ea

121 3373 196 3435 sine
218 3372 408 3436 sententiae
431 3373 557 3435 damno
582 3374 712 3436 omitti:
738 3393 848 3455 neque
868 3381 983 3436 tamen
1004 3372 1051 3435 sic
1072 3371 1180 3434 multo
1198 3371 1313 3434 evadit

121 3492 179 3555 illa
213 3493 410 3575 elegantior.
447 3493 616 3556 Remanet
650 3495 755 3569 enim,
792 3513 879 3576 quae
915 3492 996 3555 mihi
1033 3491 1171 3574 quidem
1207 3490 1313 3554 multo

123 3612 308 3688 molestior,
329 3611 535 3676 incredibilis
555 3614 724 3694 quaedam
743 3613 910 3676 hominum
931 3620 965 3675 et
985 3612 1129 3675 locorum
1150 3609 1312 3673 confusio.

122 3731 208 3795 Leni
233 3731 496 3814 transpositione
520 3732 567 3794 sic
592 3733 701 3795 Taciti
727 3751 864 3795 manum
887 3732 1131 3795 restituendam
1151 3730 1312 3794 arbitror:

169 3849 299 3930 „Saeva
318 3871 358 3913 ac
378 3850 539 3914 deformis
560 3851 642 3914 urbe
656 3859 730 3914 tota
743 3850 863 3916 facies:
882 3852 963 3916 alibi
976 3852 1104 3935 proelia
1116 3861 1150 3914 et
1164 3850 1313 3927 vulnera,

120 3970 201 4035 alibi
220 3979 333 4034 scorta
353 3979 388 4034 et
408 3973 527 4035 scortis
546 3971 687 4048 similes,
710 3972 809 4036 simul
829 3992 928 4035 cruor
947 3981 982 4035 et
1001 3980 1109 4036 strues
1121 3992 1312 4055 corporum,

121 4093 218 4154 iuxta
242 4090 396 4153 balineae
422 4089 670 4173 popinaeque.”

168 4209 268 4272 Nunc
298 4210 402 4274 simul
430 4209 520 4282 haud
554 4211 668 4291 inepte
700 4209 943 4292 principalibus
966 4211 1054 4273 inter
1076 4231 1111 4272 se
1136 4210 1314 4292 iungendis

122 4330 314 4394 sententiae
338 4329 499 4392 membris
523 4329 670 4392 inservit.
