3228 5236
630 425 689 492 205

115 593 165 658 Sic
183 592 321 654 Tacitus
332 591 484 673 scripsit;
500 607 577 652 nam
592 609 678 670 quae
692 596 770 672 post
782 588 899 651 Fontei
911 587 1079 670 Capitonis
1091 589 1124 649 in
1138 587 1256 651 codice

77 715 236 796 leguntur:
272 712 481 793 ,adimendis
511 709 766 792 assignandisve
799 709 937 772 militiae
969 707 1186 783 ordinibus,”
1218 728 1259 771 ea

76 833 178 906 sciolo,
203 831 260 913 qui
285 833 413 913 primus
432 829 620 911 adscripsit,
641 849 714 891 esse
735 829 919 903 reddenda,
941 848 1002 911 pro
1021 848 1082 890 suo
1102 829 1258 890 acumine

76 953 192 1014 dudum
217 951 446 1032 Nipperdeius
467 949 652 1032 perspexit.
673 947 739 1010 Vel
760 968 826 1011 una
846 969 915 1010 vox
934 947 1073 1012 militiae
1084 957 1258 1011 auctorem

77 1072 189 1153 prodit.

113 1191 153 1252 H.
188 1190 214 1264 I,
251 1191 304 1270 85.
348 1188 531 1269 Postquam
567 1186 699 1269 perfido
734 1186 875 1250 consilio
911 1187 1090 1269 imperium
1127 1186 1256 1250 Galbae

75 1311 262 1392 ademptum
297 1310 332 1371 in
366 1328 402 1372 se
437 1307 655 1371 transtulerat
689 1305 794 1382 Otho,
830 1308 980 1371 nondum
1016 1316 1130 1370 tamen
1163 1309 1258 1389 quies

76 1430 226 1504 redierat,
263 1429 388 1510 ignaris
419 1429 597 1491 etiamtum
629 1427 759 1489 civibus
790 1427 858 1490 iam
889 1429 932 1490 ad
964 1435 1094 1490 certum
1126 1428 1255 1490 exitum

76 1551 263 1630 perductam
287 1569 377 1611 rem:

115 1667 257 1746 ,Coacto
278 1687 359 1730 vero
377 1667 411 1728 in
424 1667 551 1729 curiam
564 1675 682 1729 senatu
697 1668 822 1729 arduus
834 1686 945 1728 rerum
959 1667 1110 1729 omnium
1124 1668 1257 1742 modus

75 1807 110 1848 ne
127 1797 308 1850 contumax
328 1787 510 1862 silentium,
529 1807 571 1849 ne
590 1795 747 1869 suspecta
765 1786 919 1862 libertas;
934 1795 968 1848 et
982 1787 1115 1868 privato
1128 1785 1257 1850 Othoni

76 1927 172 1988 nuper
188 1916 271 1970 nota
289 1906 474 1970 adulatio.”
498 1906 609 1969 Verus
623 1906 676 1968 hic
690 1905 828 1970 Tacitus
840 1906 1044 1988 agnoscitur,
1058 1907 1256 1988 praesertim

77 2025 103 2087 in
123 2026 243 2090 ultimis
262 2039 294 2091 et
306 2027 447 2109 privato
468 2024 589 2091 Othoni
607 2038 711 2110 nuper
732 2038 808 2090 nota
828 2025 987 2100 adulatio,
1008 2026 1099 2109 quod
1122 2028 1257 2108 egregia

76 2144 229 2209 brevitate
249 2146 333 2208 haec
345 2145 530 2228 significat:
548 2145 671 2226 ,Otho,
684 2145 741 2226 qui
755 2146 871 2226 paucis
884 2144 1003 2208 diebus
1014 2155 1094 2208 ante
1108 2147 1259 2228 privatus

74 2263 180 2342 suerat,
213 2265 310 2328 facile
339 2264 570 2329 adulationem
595 2285 614 2327 a
639 2265 782 2326 veritate
807 2265 1005 2346 dignoscere
1030 2273 1182 2348 poterat;
1207 2274 1257 2329 ut·

74 2393 146 2465 pote
169 2387 226 2466 qui
249 2405 352 2467 saepe
377 2384 434 2447 illa
457 2405 534 2446 usus
559 2393 647 2446 esset
672 2383 777 2466 ipse.”
803 2384 945 2448 Ultrane
969 2383 1114 2446 seramus
1135 2403 1257 2448 nervos

72 2503 220 2568 Taciteos
251 2504 305 2568 hic
338 2505 441 2569 incidi
472 2503 590 2586 puerili
614 2504 850 2566 additamento
874 2515 970 2586 atque
992 2505 1103 2567 eodem
1126 2505 1256 2579 dicmti,

72 2624 153 2705 quod
186 2644 275 2687 nunc
300 2644 377 2686 cum
401 2623 594 2706 praeclarae
618 2624 807 2686 sententiae
832 2623 969 2686 interitu
995 2632 1072 2706 post
1096 2634 1198 2704 nuper
1222 2624 1255 2686 in

70 2749 158 2805 textu
182 2742 322 2827 legitur?

111 2863 150 2926 H.
175 2865 199 2938 I,
226 2866 279 2946 87.
304 2862 452 2928 Obviam
477 2862 617 2926 Vitellio
641 2882 718 2926 cum
743 2861 836 2926 Otho
862 2862 1147 2945 proficisceretur:

112 3005 242 3062 ,curam
262 2985 399 3046 navium
421 2983 581 3046 Moschus
601 2982 741 3045 libertus
762 2981 931 3044 retinebat
951 2983 993 3045 ad
1007 2982 1255 3045 observandam

73 3100 294 3166 honestiorum
320 3100 456 3165 fidem.”

108 3220 193 3286 Satis
218 3223 407 3304 perspicua,
435 3231 470 3284 ut
495 3223 626 3304 opinor,
652 3222 752 3298 haec;
780 3221 839 3283 sed
861 3241 929 3303 quo
950 3222 1057 3303 magis
1076 3231 1257 3304 appareret

70 3339 137 3403 hnic
161 3343 239 3406 duci
264 3362 332 3404 non
356 3341 520 3404 accidisse
543 3342 636 3422 quod
661 3341 787 3404 accidit
811 3340 960 3403 Aemilio
985 3341 1133 3416 Pacensi,
1160 3351 1196 3404 ut
1221 3344 1254 3405 in

69 3461 130 3524 eius
160 3461 274 3524 locum
306 3461 390 3525 alius
420 3462 528 3543 copiis
559 3460 807 3544 praeficeretur,
833 3461 968 3534 deinde,
994 3469 1125 3524 mutato
1150 3462 1255 3544 impe·

70 3590 179 3664 ratore,
212 3583 247 3643 in
279 3583 448 3663 integrum
482 3582 714 3644 restitueretur
747 3580 801 3661 (de
833 3579 890 3642 illo
919 3581 1009 3642 enim
1037 3581 1070 3643 in
1100 3585 1254 3664 proxime

70 3700 342 3778 praecedentibus
355 3700 439 3762 haec
452 3699 625 3782 leguntur:
643 3697 811 3777 ,Aemilio
825 3697 975 3774 Pacensi,
988 3700 1040 3761 cui
1054 3701 1253 3784 ademptum

69 3835 83 3878 a
102 3817 207 3882 Galba
229 3818 439 3881 tribunatum
460 3815 689 3898 reddiderat”)
711 3817 888 3879 annotavit
908 3817 1029 3898 aliquis
1048 3820 1253 3898 immutatus,

70 3939 150 4016 quod
182 3946 358 4020 tamquam
390 3939 417 4000 si
449 3939 559 4001 bonae
592 3936 673 3999 illud
706 3945 794 3998 esset
828 3936 1030 4012 Latinitatis
1064 3940 1196 4003 scribae
1220 3944 1253 4006 in

70 4062 189 4120 textum
207 4065 410 4140 receperunt
428 4057 518 4139 (post
523 4057 649 4141 fidem).
676 4055 815 4117 Exemit
830 4055 999 4132 Muretus;
1014 4067 1129 4121 nostra
1140 4069 1253 4123 aetate

70 4171 197 4238 fortasse
223 4177 371 4238 existent
396 4177 544 4240 editores
568 4177 625 4257 qui
650 4175 841 4237 restituant.

109 4293 147 4356 H.
169 4296 211 4368 11,
236 4313 261 4357 1.
286 4294 374 4374 ,Ubi
394 4295 547 4359 Corinthi
567 4305 677 4358 certos
697 4295 834 4357 nuntios
852 4295 1104 4379 (Vespasianus)
1118 4299 1250 4380 accepit

70 4411 106 4472 de
129 4415 261 4476 interitu
287 4413 416 4476 Galbae
441 4435 470 4476 e.
484 4435 516 4496 q.
531 4413 579 4476 s.'’
