3258 5240
622 429 728 522 ‘37

156 619 226 682 Ain
258 617 358 681 vero?
384 619 438 681 Ex
462 619 602 682 haccine
625 619 700 701 lege
725 620 851 683 multae
875 622 1058 686 calumniae
1082 623 1113 703 (i.
1138 643 1167 682 e.
1193 623 1305 684 inson-

108 741 194 802 tium
226 737 470 820 accusationes)
502 738 736 814 nascebantur,
767 760 895 821 eaeque
927 741 1092 803 eiusmodi
1125 749 1162 804 ut
1194 742 1304 804 omnis

106 860 231 921 domus
261 856 534 921 subverteretur?
566 857 612 920 Et
643 867 803 921 tamenne
832 880 898 921 non
923 859 1050 922 fiebant
1075 860 1304 942 frequentiora

106 979 196 1041 iusta
227 978 398 1042 connubia
429 987 464 1041 et
492 979 712 1041 educationes
736 978 940 1042 liberorum?
956 981 1074 1062 ,Magis
1098 982 1305 1044 incredibilis

107 1117 162 1161 res
194 1097 232 1160 fit
264 1099 291 1160 si
325 1118 401 1162 cum
434 1098 617 1161 Furneaux
641 1099 844 1182 praevalida
867 1099 1007 1163 orbitate
1030 1101 1077 1162 sie
1102 1101 1303 1183 accipimus:

112 1219 213 1300 „quia
237 1218 365 1282 orbitas
388 1226 521 1281 tantum
545 1217 708 1281 afferebat
732 1239 837 1300 opum
862 1219 1104 1302 potentiaeque
1129 1228 1304 1283 utcontra

109 1337 203 1400 illam
236 1337 283 1400 nil
312 1337 404 1420 leges
428 1337 612 1401 valerent”.
638 1337 774 1420 Ergone
800 1339 856 1420 qui
881 1358 999 1400 revera
1021 1350 1127 1402 sontes
1150 1347 1246 1402 erant
1270 1348 1305 1402 et

109 1477 256 1540 quorum
281 1457 380 1540 culpa
403 1467 476 1520 erat
499 1456 677 1521 manifesta
701 1457 861 1540 (coelibes
884 1458 1039 1541 orbique)
1064 1460 1201 1540 impune
1221 1458 1305 1522 fere·

110 1577 206 1651 bant,
240 1577 438 1639 innocentes
470 1596 551 1638 vero
584 1577 709 1659 (patres
740 1584 774 1638 et
799 1576 922 1658 mariti)
946 1577 1021 1658 lege
1044 1576 1246 1640 laborabant
1270 1586 1304 1640 et

108 1715 173 1778 pro
198 1695 290 1757 orbis
311 1695 567 1777 coelibibusque
591 1695 634 1758 ad
659 1695 818 1758 iudicium
844 1695 1074 1772 trahebantur,
1095 1706 1130 1761 et
1150 1698 1306 1780 quamvis

107 1834 234 1878 uxores
265 1834 351 1889 suas,
384 1813 525 1876 feminas
556 1815 819 1888 honestissimas
852 1823 886 1877 et
918 1816 1043 1878 liberos
1067 1825 1304 1893 monstrarent,

105 1945 225 1998 tamen
246 1954 363 1997 eorum
383 1933 645 1997 subvertebatur
665 1932 807 1996 domus?
828 1934 1014 1997 Pessimum
1034 1943 1125 1999 certe
1146 1944 1197 1998 est
1216 1936 1305 2000 dela·

107 2069 222 2120 torum
242 2074 365 2137 genus3
386 2056 413 2117 si
433 2062 548 2117 tamen
569 2055 660 2117 solos
679 2054 878 2118 innocentes
893 2063 1005 2116 essent
1018 2056 1177 2137 aggressi,
1191 2065 1307 2118 sontes

107 2195 194 2238 vero
225 2195 360 2258 semper
391 2174 509 2236 missos
534 2171 702 2249 fecissent,
728 2194 819 2249 mox,
845 2182 881 2236 ut
905 2175 1036 2256 opinor,
1061 2175 1103 2236 de
1128 2175 1168 2236 iis
1191 2183 1305 2237 actum

105 2295 227 2359 fuisset
248 2295 350 2358 etiam
372 2294 509 2358 Nerone
530 2293 583 2356 vel
604 2294 801 2357 Domitiano
822 2295 1021 2376 imperante.
1042 2295 1176 2358 Revera
1196 2295 1306 2358 Taciti

108 2416 296 2479 narrationi
328 2416 415 2478 hanc
446 2414 584 2477 subesse
615 2435 685 2477 rem
718 2423 811 2496 puto,
844 2434 946 2496 quam
971 2414 1026 2477 ille
1050 2423 1108 2477 aut
1133 2435 1305 2498 nunquam

110 2535 289 2619 perspexit
313 2543 370 2597 aut
391 2534 503 2616 palam
523 2534 679 2616 proloqui
700 2542 852 2596 veretur:
874 2535 907 2597 in
927 2533 1002 2616 lege
1022 2535 1126 2618 Papia
1147 2535 1307 2618 Poppaea

109 2656 272 2740 praesidii
297 2655 343 2718 nil
367 2663 449 2730 erat,
469 2655 512 2718 ad
535 2656 638 2717 iustas
659 2655 794 2736 nuptias
813 2675 849 2716 se
869 2655 1026 2738 compelli
1048 2656 1193 2718 Romani
1216 2656 1306 2718 nole-

111 2779 209 2850 bant,
242 2775 459 2858 praevalebat
490 2773 618 2836 orbitas
650 2773 685 2855 (i.
711 2793 739 2835 e.
764 2781 834 2835 tam
860 2782 956 2854 grata
980 2782 1053 2836 erat
1077 2774 1245 2856 plerisque
1269 2783 1306 2837 ut

111 2916 196 2979 prae
219 2895 276 2958 illa
301 2893 381 2956 nihil
405 2893 496 2956 aliud
520 2893 659 2956 valeret.
684 2891 779 2974 Quos
802 2894 843 2955 ad
868 2913 964 2956 suam
989 2894 1306 2976 interpretationem

111 3015 357 3080 vocabulorum
372 3014 574 3098 praevalida
594 3013 735 3077 orbitate
750 3013 1001 3077 defendendam
1016 3014 1198 3077 Furneaux
1210 3014 1306 3077 affert

111 3139 219 3210 locos,
250 3133 315 3197 illis
345 3132 568 3196 labefactatur
600 3132 707 3215 magis
738 3153 840 3214 quam
867 3135 1097 3217 sustentatur).
1123 3135 1214 3216 Ergo
1239 3155 1306 3196 non

112 3254 323 3338 reipublicae
353 3252 410 3315 lex
441 3273 482 3314 ea
508 3253 669 3335 proderat
692 3252 752 3315 sed
778 3251 1002 3328 delatoribus;
1027 3252 1079 3315 his
1103 3254 1192 3316 enim
1219 3275 1307 3318 nunc

110 3375 215 3457 copia
245 3381 316 3436 erat
339 3381 375 3435 et
397 3371 537 3435 facultas
561 3379 721 3454 quaestus
745 3370 907 3446 faciendi;
933 3372 1052 3453 ingens
1074 3373 1165 3435 enim
1189 3375 1307 3436 aderat

111 3495 299 3560 multitudo
331 3493 479 3555 virorum
509 3512 594 3574 quos
625 3511 782 3554 accusare
807 3500 946 3573 possent
971 3492 1074 3574 idque
1098 3512 1177 3555 vere
1201 3501 1234 3554 et
1260 3495 1307 3555 iu·

111 3623 219 3679 vante
239 3613 330 3696 lege:
350 3625 449 3677 erant
467 3613 557 3675 enim
578 3612 671 3674 noxii
692 3610 737 3674 illi
758 3611 815 3674 rei.
829 3611 984 3673 Tandem
997 3611 1180 3692 aliquando
1192 3619 1308 3674 tantus

111 3735 220 3800 fiebat
244 3735 277 3796 in
302 3733 385 3796 urbe
405 3741 440 3794 et
460 3733 546 3795 adeo
566 3739 641 3794 toto
661 3731 804 3812 imperio
826 3739 934 3792 metus
954 3737 991 3791 ut
1011 3730 1083 3811 ipse
1104 3728 1307 3810 intelligeret

111 3854 272 3918 Tiberius
291 3853 338 3916 sic
359 3853 544 3935 procedere
566 3870 637 3913 rem
657 3870 725 3912 non
743 3869 852 3931 posse.
867 3848 958 3929 Ergo
972 3867 1040 3910 non
1054 3847 1308 3911 rescindebatur

113 3974 255 4058 quidem
286 3972 342 4035 lex
374 3972 479 4053 Papia
509 3971 679 4052 Poppaea,
711 3970 770 4031 sed
796 3967 948 4051 plerique
978 3988 1080 4031 nexus
1104 3968 1187 4052 legis
1208 3969 1309 4033 solve·

110 4095 248 4166 bantur,
278 4110 421 4173 quorum
446 4089 626 4152 verborum
651 4088 741 4151 hunc
765 4107 837 4150 esse
862 4107 999 4149 sensum
1023 4088 1157 4170 opinor:
1184 4088 1309 4152 multae

111 4215 265 4277 virorum
298 4210 543 4290 mulierumque
569 4207 836 4282 coniunctiones,
862 4227 948 4289 quae
973 4227 1040 4270 non
1065 4208 1203 4289 quidem
1228 4207 1308 4289 legi-

112 4335 220 4396 timae
253 4338 351 4393 erant
381 4349 425 4392 ex
455 4328 531 4409 lege
559 4327 662 4409 Papia
687 4326 847 4409 Poppaea
871 4328 941 4401 sed,
967 4335 1003 4390 ut
1028 4329 1092 4391 hoc
1117 4336 1201 4402 utar,
1226 4336 1309 4390 tem-

111 4453 205 4536 poris
233 4447 413 4513 intervallo
441 4449 508 4510 iam
532 4446 613 4509 satis
636 4445 840 4508 firmamenti
864 4456 1077 4530 acceperant,
1104 4469 1201 4522 nunc,
1226 4448 1310 4531 legis
