3248 5230
867 483 928 549 302

303 655 360 710 τιῖιι
393 645 560 724 πολεμίων.
593 646 716 710 Notius
747 646 829 710 nihil
863 647 1130 730 Aristophanico
1161 647 1218 711 illo
1250 647 1294 720 uir
1318 647 1390 726 πρὸς
1419 647 1494 723 ἐμοῦ

303 768 439 848 λέγοντι,
464 767 523 832 sed
547 767 620 849 ipsa
643 765 767 828 vicinia
791 761 889 829 nobis
913 765 1108 848 exemplum
1132 767 1274 848 praebet
1296 787 1364 830 non
1385 767 1497 829 minus

304 887 529 954 luculentum:
553 883 608 956 riu
631 882 793 963 διατριβὴν
818 879 896 947 εἶναι
920 882 994 962 πρὸς
1019 885 1131 964 ιιρτιῒιν.

348 1007 441 1072 Otho
466 1005 498 1068 X
534 1003 709 1067 Brixillum
732 1004 821 1068 redit
840 1003 933 1068 Otho
954 999 1005 1068 καὶ
1027 1007 1117 1068 τοῦτο
1138 1002 1412 1084 προσεξαμαρτῶν,
1433 1004 1495 1082 οὐχ

304 1120 349 1190 θτι
373 1121 576 1199 τοῦτομόνον
600 1123 656 1195 τὴν
679 1122 709 1184 ἕν
733 1122 910 1203 ὀφθαλμοῖς
936 1123 1032 1188 αὐτοῦ
1059 1121 1207 1203 παρόντος
1231 1123 1305 1186 αἰδῶ
1330 1122 1382 1187 καὶ
1403 1129 1497 1202 φιλο-

303 1243 412 1322 τιμίαν
445 1246 563 1322 θφεῖλε
597 1247 655 1306 τῶν
687 1241 919 1325 ἀγωνιζομένων
947 1242 1036 1307 οὶλλοὶ
1062 1243 1115 1306 καὶ
1139 1243 1204 1307 κτὲ.
1229 1244 1406 1327 corrupta,
1431 1264 1496 1307 nec

304 1375 525 1451 persanantur
550 1364 677 1428 Reiskii
701 1365 896 1427 coniectura
918 1366 1104 1429 secuudum
1128 1368 1218 1427 τοῦτο
1239 1365 1393 1429 delentis.
1419 1363 1495 1426 Plu·

303 1486 458 1549 tarchum
482 1484 615 1548 dedisse
639 1484 777 1566 opinor:
803 1483 836 1546 οὐ
861 1487 952 1546 τοῦτο
973 1483 1064 1558 μόνον
1084 1482 1348 1564 προσεξαμαρτὼν
1371 1478 1417 1546 θ’τι
1437 1484 1495 1555 τὴν

304 1604 335 1668 ἐν
358 1602 535 1683 ὀφθαλμοῖς
564 1600 629 1665 κτὲ.

348 1724 394 1788 ib.
426 1722 611 1787 Othoniani
636 1730 779 1784 onerant
802 1742 924 1785 navem
950 1722 1025 1805 pice
1048 1731 1085 1786 et
1106 1723 1278 1807 sulphure,
1298 1725 1391 1805 quod
1412 1725 1495 1787 dum

305 1843 444 1907 fluvium
475 1842 599 1906 traiicIt
629 1843 756 1916 πνεῦμα
790 1839 962 1918 προσπεσθν
996 1840 1086 1922 ἄφνω
1114 1843 1169 1914 τθιν
1196 1843 1496 1922 παρεσκευασμένην

305 1959 380 2036 ὕλην
407 1959 456 2024 ἐπὶ
482 1961 551 2031 τοὺς
575 1959 742 2037 πολεμίους
767 1957 946 2042 ἐξερρίπιζε.
970 1963 1170 2045 Transpone
1193 1963 1247 2035 τθιν
1273 1961 1324 2026 ε’πὶ
1348 1963 1417 2033 τοὺς
1440 1985 1495 2025 πο-

305 2082 431 2158 λεμίους
466 2079 764 2160 παρεσκευασμένην
799 2077 892 2150 ὕλννε
929 2059 1155 2163 ροιολοετοῒ
1190 2104 1231 2146 ea
1267 2085 1423 2147 materies
1458 2085 1495 2147 in

304 2205 429 2279 hostes¹
454 2212 575 2267 ventus
599 2221 674 2264 eam
698 2201 870 2264 incensam
895 2201 928 2263 in
951 2203 1044 2283 ipsos
1068 2201 1283 2266 Othonianos
1302 2205 1413 2278 vertit,
1434 2205 1495 2285 qui

305 2325 352 2388 sle
376 2323 586 2406 cogebantur
609 2321 644 2384 in
667 2340 792 2403 aquam
814 2321 949 2384 insilire.

350 2443 444 2508 Otho
469 2443 535 2507 XII
567 2441 686 2505 ἐκείνων
715 2440 747 2504 δὲ
769 2442 825 2514 τὴν
846 2438 1093 2521 προσαγόρευσιν
1116 2442 1170 2506 οθιι
1194 2443 1326 2518 εὐμενῶς
1351 2443 1498 2522 αμειψα·

305 2587 413 2642 μενων.
439 2564 548 2627 Immo
571 2560 643 2641 πρὸς
668 2535 1000 2639 τθιθπροσαγθρευσιν.

347 2684 441 2749 Otho
465 2682 550 2746 XIII
582 2681 827 2745 Intellexerunt
850 2682 953 2744 duces
977 2680 1181 2757 Othoniani,
1207 2683 1351 2746 militum
1371 2683 1497 2746 animis

304 2803 498 2888 exploratis,
530 2802 622 2884 pacIs
651 2821 710 2863 eos
732 2820 805 2863 esse
829 2799 988 2884 cupidos;
1013 2801 1086 2884 ipse
1109 2821 1246 2884 quoque
1269 2802 1424 2866 Titianus
1447 2801 1499 2866 le·

304 2932 402 3008 gatos
436 2923 524 2986 mitti
559 2921 601 2984 ad
634 2919 838 2984 Vitellianos
872 2919 1029 2996 iubebat;
1066 2941 1147 3003 ergo
1183 2919 1266 2992 ἔδοξε
1297 2919 1405 3001 Κέλσῳ
1437 2923 1494 2986 καὶ

304 3040 419 3120 Γοθλλῳ
440 3040 590 3121 βαδίζειν.
601 3040 722 3103 'Immo
743 3037 859 3101 Κέλσον
879 3035 931 3100 xxi
953 3035 1095 3102 Γοθλλονε
1117 3041 1292 3105 decretum
1313 3051 1364 3105 est
1384 3043 1418 3104 in
1437 3043 1498 3107 illo

306 3163 446 3228 consilio
470 3161 605 3224 militari
630 3168 674 3222 ut·
685 3159 802 3224 Celsus
822 3168 856 3222 et
876 3159 992 3223 Gallus
1012 3181 1053 3223 ea
1073 3159 1244 3243 legatione
1266 3161 1499 3244 fungerentur.

350 3281 444 3347 Otho
465 3282 533 3346 XV
563 3279 736 3342 πιτεύσατε
760 3275 926 3355 πολλάκις,
951 3273 997 3341 θ’τι
1022 3277 1158 3355 δύναμαι
1180 3277 1310 3344 κοθλλιον
1330 3281 1499 3347 ἀποθανεῖν

306 3401 469 3483 ἢθρχειν.
501 3401 617 3465 Verba
647 3402 731 3464 haec
758 3399 904 3464 Othonis
929 3401 971 3464 ad
997 3400 1255 3465 circumstantes
1278 3403 1405 3466 amicos
1430 3411 1500 3467 tra·

305 3526 439 3589 duntur.
464 3521 532 3586 Sed
558 3540 668 3603 neque
688 3519 830 3582 verbum
850 3516 1044 3583 πιστεύσατε
1066 3540 1176 3603 neque
1198 3522 1397 3594 adverbium
1419 3536 1497 3585 πολ-

303 3643 395 3716 λοίιιις
420 3663 538 3708 sanum
563 3641 707 3704 videtur.

348 3765 441 3830 Otho
462 3763 565 3826 XVII
594 3757 739 3837 ἑκατέρου
759 3759 816 3840 (sc.
836 3763 896 3820 τῶν
914 3755 1025 3842 ξιφῶν)
1047 3758 1266 3835 κατεμάνθανε
1286 3759 1321 3823 τὸ
1342 3759 1494 3836 σποθσμα.

305 3884 434 3950 Ultima
459 3903 527 3946 vox
549 3888 719 3963 corrupta,
745 3899 813 3942 non
838 3880 928 3941 enim
952 3900 1138 3944 mucronem
1158 3879 1347 3963 significare
1368 3891 1492 3964 potest.

350 4003 443 4068 Otho
469 4002 589 4065 XVIII
622 3998 663 4061 τθ.
697 3997 754 4074 μὲν
786 3991 835 4061 οὖν
866 3996 956 4060 ἄλλα
980 3997 1081 4077 καιρὸν
1105 3997 1213 4063 οἰκεῖον
1237 3997 1306 4079 ἔχει
1329 4000 1492 4080 λεχθῆναι.

307 4125 398 4206 Ergo
429 4124 462 4185 in
494 4123 608 4184 animo
628 4119 778 4184 habebat
801 4117 1001 4181 Plutarchus
1024 4119 1221 4182 subsecutas
1245 4139 1297 4182 res
1322 4139 1493 4202 exponere

306 4243 447 4328 (Vitellii
467 4241 538 4305 vita
558 4239 747 4321 narranda).
771 4236 840 4301 Sed
860 4246 918 4301 aut
939 4239 1038 4320 periit
1056 4240 1127 4302 vita
1139 4238 1194 4302 illa
1207 4249 1265 4302 aut
1279 4240 1495 4303 Plutarchum

306 4375 407 4454 antea
430 4381 521 4426 mors
544 4360 722 4442 oppressit.
