3228 5236
670 429 726 497 151
780 387 782 392 ⁵

105 596 247 677 posthac
271 595 486 660 historiarum
510 595 693 678 scriptores
716 615 852 678 semper
875 604 909 659 et
933 596 1059 677 ubique
1078 593 1152 657 illas
1168 593 1298 656 addant

102 717 205 779 etiam
238 735 315 780 cum
343 717 386 779 de
412 714 593 798 praeclaris
617 715 792 780 hominum
819 689 999 779 virtutibus
1024 711 1180 776 narrant?
1206 710 1299 774 Nihil

101 839 190 900 enim
215 845 287 900 tam
312 845 441 899 rectum
466 836 704 918 sincerumque
730 844 780 899 est
804 836 896 917 quod
918 855 986 900 non
1007 834 1071 898 hac
1090 833 1220 896 ratione
1242 832 1299 895 de·

102 957 251 1040 torqueri
275 957 524 1039 depravarique
550 957 667 1039 possit.

148 1076 192 1140 A.
220 1076 281 1151 Ill,
305 1094 360 1156 44.
383 1075 528 1138 Romam
550 1095 626 1138 cum
648 1075 786 1139 nuntius
805 1076 849 1138 de
869 1074 1086 1138 Trevirorum
1106 1082 1141 1136 et
1161 1072 1300 1136 Aeduo-

104 1217 176 1260 rum
214 1195 407 1260 det'ectione
442 1202 531 1258 esset
566 1193 698 1271 allatus,
731 1193 916 1258 vehemens
946 1193 1139 1258 sollicitudo
1169 1192 1300 1256 animos

104 1317 297 1400 occupavit,
322 1336 410 1390 nam,
436 1323 474 1378 ut
498 1315 571 1398 ipse
594 1315 732 1378 Tacitus
755 1316 820 1379 ait:
849 1323 1000 1396 ,cuncta
1025 1323 1061 1378 ut
1087 1334 1159 1378 mos
1179 1312 1299 1388 lamae,

105 1439 138 1500 in
164 1437 273 1500 maius
296 1433 459 1499 credita.”
484 1433 643 1517 Sequitur
666 1434 747 1499 hoc:

153 1557 334 1641 ,Optimus
361 1555 503 1637 quisque
528 1555 575 1618 rei
601 1554 756 1636 publicae
779 1575 860 1618 cura
884 1554 1074 1630 maerebat;
1100 1552 1195 1616 multi
1220 1553 1301 1616 odio

105 1676 336 1759 praesentium
376 1683 411 1738 et
446 1675 606 1757 cupidine
641 1675 837 1738 mutationis
871 1675 939 1737 suis
973 1693 1110 1755 quoque
1145 1671 1302 1754 periculis

105 1795 322 1859 laetabantur
352 1795 643 1877 increpabantque
675 1792 858 1868 Tiberium,
891 1794 982 1875 quod
1012 1794 1166 1856 intanto
1191 1813 1301 1855 rerum

105 1925 203 1980 motu
227 1914 350 1978 libellis
374 1923 608 1979 accusatorum
634 1915 817 1977 insumeret
838 1932 987 1996 operam.
1010 1912 1066 1975 An
1088 1911 1301 1977 Sacrovirum

105 2036 295 2099 maiestatis
329 2035 469 2098 crimine
503 2049 597 2098 reum
629 2034 661 2096 in
693 2042 812 2096 senatu
845 2031 936 2096 sore?
968 2032 1132 2096 Extitisse
1162 2033 1302 2096 tandem

106 2157 208 2231 viros,
229 2156 287 2236 qui
308 2162 465 2218 cruentas
485 2154 646 2236 epistolas
667 2154 767 2217 armis
787 2152 996 2217 cohiberent.
1011 2152 1169 2216 Miseram
1183 2171 1303 2236 pacem
1322 2146 1328 2160 '

107 2275 162 2339 vel
188 2274 279 2339 bello
304 2275 391 2338 bene
417 2273 571 2337 mutari.'’

154 2395 208 2458 De
235 2393 380 2477 epactalis
404 2392 459 2456 hic
483 2392 636 2476 legimus,
661 2393 694 2455 in
719 2394 1002 2476 praecedentibus
1026 2394 1066 2477 (c.
1094 2394 1146 2475 38)
1170 2394 1214 2456 de
1238 2414 1304 2457 una

108 2513 352 2578 tantummodo
376 2512 520 2596 epistola
545 2520 716 2575 narratum
736 2521 797 2588 est,
819 2513 852 2575 in
873 2532 974 2594 quam
995 2513 1200 2576 adiectivum
1221 2511 1303 2574 illud

109 2648 268 2700 cruentus
291 2642 463 2716 utcunque
488 2634 679 2697 conveniat.
704 2631 738 2697 Si
763 2633 875 2716 plures
895 2634 1059 2697 eiusmodi
1081 2634 1146 2696 iarn
1171 2633 1305 2697 fuerunt

107 2757 273 2820 recitatae
297 2755 330 2817 in
350 2762 481 2829 senatu,
502 2753 619 2835 quidni
640 2773 696 2816 eas
717 2751 856 2816 Tacitus
877 2751 1107 2817 enumeravit?
1128 2754 1306 2816 Praeterea

107 2877 167 2960 qui
191 2895 345 2939 rumores
369 2874 442 2938 illos
465 2881 639 2956 spargunt,
667 2873 788 2936 mirum
813 2873 846 2936 in
871 2873 1010 2936 modurn
1035 2873 1098 2956 ipsi
1122 2872 1185 2935 sibi
1211 2871 1305 2935 oblo-

107 3004 277 3079 quuntur:
299 2995 445 3076 primurn
465 2994 556 3057 enim
577 3001 830 3075 conqueruntur
850 2994 941 3075 quod
964 3014 1052 3056 nunc
1072 2993 1193 3056 libellis
1208 3012 1305 3056 accu-

107 3123 262 3178 satorum
294 3122 393 3178 vacet
425 3113 592 3190 Tiberius,
625 3113 749 3176 deinde
781 3113 929 3176 addunt:
962 3134 1069 3193 ,nunc
1093 3113 1222 3177 inventi
1246 3113 1306 3176 ho-

109 3236 231 3309 mineS,
264 3233 321 3315 qui
353 3233 446 3315 (alias
477 3233 616 3296 Tiberio
647 3232 851 3316 praebentes
882 3233 1134 3316 occupationes)
1159 3233 1307 3297 cruentis

108 3353 184 3416 istis
204 3351 358 3435 epistolis
378 3353 556 3434 imponant
577 3351 712 3415 finem.’'
733 3351 786 3415 Ita
806 3353 908 3428 enim,
927 3354 1008 3416 dum
1029 3373 1185 3417 accusare
1206 3353 1306 3416 Tibe·

109 3472 199 3534 rium
223 3471 287 3534 sibi
312 3469 481 3546 videntur,
504 3470 593 3534 ultro
617 3457 875 3535 cumlaudant:
898 3481 1085 3554 agnoscunt
1106 3474 1195 3536 enirn
1218 3493 1306 3549 eum,

107 3593 135 3655 si
163 3611 284 3654 revera
307 3589 492 3673 periculum
514 3591 658 3672 ingruat,
678 3591 884 3674 reipublicae
906 3611 974 3655 non
994 3590 1197 3654 defuturum.
1218 3593 1306 3654 Nam

109 3711 296 3793 quominus
326 3711 374 3773 sic
399 3709 511 3772 locum
536 3709 741 3792 accipiamus
766 3720 802 3772 ut
826 3709 1009 3774 cohiberent
1032 3710 1124 3773 idern
1148 3711 1190 3772 sit
1214 3713 1305 3793 quod

108 3830 261 3895 cohibere
279 3830 438 3904 deberent,
460 3828 597 3892 obstant
619 3828 785 3892 vocabula
796 3830 921 3892 inventi
931 3830 1071 3893 tandem.
1087 3830 1242 3912 Denique
1255 3853 1307 3895 res

108 3973 153 4015 eo
176 3951 265 4014 redit
287 3957 324 4012 ut
342 3969 403 4032 pro
416 3956 511 4012 certo
523 3949 689 4011 affirmare
703 3947 800 4010 nobis
814 3947 914 4010 liceat
927 3947 1035 4012 nullos
1049 3949 1214 4014 eiusmodi
1228 3959 1308 4015 tunc

108 4071 214 4136 luisse
235 4068 327 4152 vulgi
348 4070 391 4133 de
412 4067 550 4132 Tiberio
570 4088 730 4142 rumores,
751 4069 810 4130 sed
832 4069 955 4151 cupide
977 4068 1190 4152 maligneque
1211 4090 1269 4134 eos
1289 4093 1309 4135 a

108 4192 236 4255 Tacito
261 4191 429 4254 inventos.
453 4189 644 4254 Domitiano
667 4188 855 4271 imperante
881 4189 980 4254 luisse
1005 4191 1062 4272 qui
1088 4191 1144 4268 ita,
1167 4200 1308 4254 externo

108 4312 246 4376 oriente
265 4310 368 4386 bello,
388 4309 441 4374 vel
463 4310 681 4392 loquerentur
701 4309 754 4372 vel
768 4310 861 4374 taciti
874 4331 989 4374 secum
1002 4320 1190 4387 censerent,
1203 4312 1308 4374 credi-

109 4431 183 4496 bile
204 4438 266 4493 est.
288 4427 355 4493 Sed
377 4429 552 4492 videamus
572 4447 660 4510 quae
680 4429 722 4490 de
743 4429 817 4512 ipso
834 4430 972 4493 Tiberio
984 4430 1141 4494 subiiciat
1153 4430 1308 4495 Tacitus:
