3266 5238
669 454 725 520 115

101 619 248 694 consilia,
292 619 424 683 illorum
469 619 619 683 habebat
657 621 777 694 socios,
813 629 989 702 suspectus
1025 630 1097 684 erat
1133 621 1293 686 Neroni”.

101 739 276 802 Tamenne
308 759 369 821 per
392 748 461 802 tres
485 738 554 802 lere
578 759 685 802 annos
710 759 779 802 non
801 739 910 802 solum
936 740 1112 804 incolumis
1135 740 1208 818 suit,
1233 742 1293 804 sed

101 859 202 921 etiarn
234 857 341 921 libere
372 859 518 941 quodvis
549 840 832 922 inire'consilium
856 868 992 942 poterat
1015 881 1034 924 a
1058 860 1150 924 nullo
1175 863 1295 943 magis·

98 987 199 1053 tratu,
231 1000 252 1042 a
282 978 373 1041 nullo
404 999 422 1040 e
455 979 600 1042 Neronis
630 980 771 1043 canibus
802 978 1010 1043 custoditus?
1046 980 1135 1044 Nam
1172 1002 1294 1064 magna

100 1096 158 1160 illa
181 1099 261 1160 anni
285 1098 325 1179 65
352 1099 541 1161 coniuratio
566 1098 721 1163 Scaevini
742 1100 880 1164 demum
901 1100 1052 1162 vanitate
1073 1101 1208 1183 prodita
1229 1110 1294 1177 est;

100 1226 203 1280 antea
238 1217 400 1297 „mirum”
433 1219 548 1311 (ipsius
575 1218 659 1282 haec
683 1219 795 1282 Taciti
820 1220 923 1283 verba
946 1221 1035 1303 sunt)
1064 1241 1184 1303 ,quam
1210 1222 1297 1285 inter

100 1337 228 1400 diversi
250 1339 393 1419 generis,
414 1339 551 1414 ordinis,
572 1339 703 1414 aetatis,
724 1359 834 1414 sexuS,
856 1340 954 1414 dites,
975 1361 1142 1422 pauperes
1160 1342 1296 1404 tacitur-

100 1459 209 1520 nitate
242 1458 357 1521 omnia
386 1458 537 1521 cohibita
560 1457 660 1522 sint''.
686 1460 739 1522 De
763 1459 884 1522 Pisone
910 1479 1011 1522 nemo
1035 1461 1220 1542 quidquam
1246 1468 1298 1523 est

100 1579 292 1661 suspicatus
324 1587 508 1660 antequam
539 1578 706 1654 Milichus,
737 1578 894 1642 Scaevini
917 1579 1067 1656 libertus,
1093 1600 1180 1662 quae
1205 1581 1298 1643 domi

101 1699 239 1782 patroni
275 1698 415 1761 vidisset
451 1700 565 1781 magni
599 1699 738 1762 alicuius
773 1697 939 1774 facinoris,
976 1701 1068 1781 quod
1105 1701 1297 1782 parabatur,

100 1827 196 1882 certa
221 1819 345 1881 indicia
368 1819 573 1902 prodidisset
598 1819 743 1896 Neroni;
771 1820 875 1882 immo
899 1840 980 1882 vero
1004 1841 1047 1882 ne
1067 1821 1139 1902 ipse
1159 1821 1297 1903 quidem

101 1939 262 2002 Milichus
282 1939 469 2021 quidquam
489 1941 531 2002 de
554 1939 675 2002 Pisone
695 1940 939 2022 suspicabatur,
957 1960 999 2003 ne
1017 1959 1142 2003 nomen
1159 1940 1298 2022 quidem

100 2061 174 2122 eius
206 2060 237 2122 ei
266 2060 298 2121 in
326 2068 476 2122 mentem
501 2061 604 2135 venit,
630 2079 708 2122 cum
731 2059 923 2122 sollertibus
948 2058 1104 2123 Scaevini
1130 2061 1298 2143 responsis

49 2247 53 2258 ,
100 2199 214 2262 paene
239 2179 406 2241 mendacii
429 2178 706 2254 convinceretur3
731 2187 803 2241 tum
829 2177 958 2241 Milichi
983 2198 1088 2240 uxore
1112 2199 1197 2261 opus
1217 2189 1300 2254 erat,

101 2319 193 2382 quae
226 2298 383 2361 maritum
415 2299 617 2360 admoneret
653 2297 862 2379 ,Antonium
896 2297 1066 2378 Natalem
1087 2297 1192 2361 multa
1223 2319 1300 2362 cum

103 2417 274 2483 Scaevino
307 2437 345 2480 ac
376 2426 507 2480 secreta
538 2416 744 2481 collocutum
777 2426 812 2480 et
840 2438 907 2481 esse
930 2429 1085 2500 utrosque
1110 2417 1145 2482 C.
1169 2418 1303 2482 Pisonis

101 2537 272 2602 intimos”.
293 2535 328 2602 Si
348 2559 408 2620 per
428 2546 497 2600 tres
519 2537 592 2600 illos
611 2558 719 2601 annos
739 2539 827 2601 adeo
848 2547 1024 2621 suspectus
1042 2538 1169 2601 Neroni
1186 2538 1303 2601 fuisset
1367 2545 1371 2554 '

103 2659 195 2734 Piso,
216 2660 288 2740 ipse
309 2658 477 2733 Milichus
498 2658 541 2720 ad
563 2658 683 2720 incitas
703 2658 869 2732 redactus,
891 2656 984 2732 nihil,
1006 2665 1042 2720 ut
1062 2658 1193 2739 opinor,
1211 2658 1302 2739 prius

102 2786 407 2842 commemorasset
438 2797 540 2860 quarn
571 2778 754 2841 amicitiam
789 2778 918 2840 Pisonis
948 2777 1151 2860 patronique
1161 2803 1169 2854 ;
1199 2778 1303 2840 immo

103 2919 190 2961 vero
220 2899 286 2960 iam
315 2905 387 2961 turn
417 2897 592 2960 Neronem
615 2899 754 2979 eiusque
778 2898 904 2961 aulicos
928 2898 970 2960 de
987 2896 1051 2960 'illa
1075 2896 1209 2959 lecisset
1233 2916 1303 2959 cer·

103 3020 221 3093 tiores,
257 3037 334 3080 cum
366 3017 517 3080 nondum
550 3017 641 3080 illam
673 3017 830 3099 pugionis
861 3018 1073 3099 tragoediam
1105 3025 1302 3099 spectasset.

104 3139 294 3220 Fingamus
325 3145 440 3201 tamen
473 3135 599 3200 lactum
627 3138 817 3219 essequod
843 3138 943 3220 plane
967 3139 1011 3201 sit
1036 3137 1243 3213 incredibile,
1269 3145 1304 3200 et

104 3280 135 3322 a.
162 3259 206 3321 62
232 3259 298 3320 iarn
323 3258 355 3322 in
380 3277 438 3320 ore
457 3259 609 3320 omnium
629 3255 729 3319 luisse
752 3256 881 3320 Pisonis
903 3277 1027 3320 nomen
1047 3265 1222 3340 tamquam
1243 3258 1304 3321 viri

104 3378 166 3460 qui
199 3377 336 3439 insidias
367 3375 495 3438 Neroni
524 3384 670 3439 strueret
698 3384 733 3438 et
756 3376 801 3440 ab
825 3377 899 3459 ipso
924 3377 1060 3440 Nerone
1085 3377 1306 3441 vehementer·

108 3505 328 3572 metueretur,
360 3498 420 3560 sed
452 3505 531 3579 post
553 3498 639 3560 duos
662 3518 769 3561 annos
794 3507 829 3560 et
853 3518 977 3562 nomen
1003 3506 1038 3559 et
1061 3499 1169 3560 virum
1194 3505 1305 3559 tanto·

106 3639 192 3702 pere
216 3620 249 3683 in
273 3617 480 3680 oblivionem
504 3617 637 3692 abiisse,
659 3627 706 3694 ut,
728 3618 818 3680 nulla
840 3618 964 3680 indicia
985 3615 1093 3679 nullos
1114 3617 1306 3698 proditores

107 3747 276 3814 metuens,
296 3737 565 3800 coniurationem
586 3739 757 3819 quandam
779 3736 935 3799 omnibus
953 3737 1100 3798 numeris
1115 3735 1306 3798 absolutam

107 3859 215 3922 ordiri
246 3866 371 3940 posset,
404 3858 511 3941 ipsine
542 3857 673 3933 Tacit0,
706 3877 783 3919 cum
816 3857 858 3918 de
893 3854 947 3917 illa
979 3873 1113 3916 narrare
1141 3855 1305 3937 inciperet

107 3977 202 4060 (XV,
226 3977 293 4058 48),
320 3976 473 4039 oblivisci
497 3975 622 4040 licebat
645 3997 680 4039 se
707 3977 773 4039 iam
797 3983 899 4038 antea
923 3994 991 4037 non
1016 3973 1124 4036 solum
1150 3974 1306 4038 Pisonem

108 4097 314 4170 nominasse,
345 4095 404 4158 sed
437 4095 540 4157 etiam
572 4095 684 4177 palam
713 4094 901 4157 declarasse
926 4102 999 4156 tum
1024 4093 1057 4174 (i.
1081 4113 1110 4155 e.
1136 4103 1215 4155 ante
1239 4101 1307 4155 tres

107 4216 230 4297 annos)
251 4234 368 4278 revera
388 4213 479 4277 illam
500 4215 769 4277 coniurationem
786 4215 916 4296 cepisse
935 4209 1085 4274 initium?
1105 4211 1199 4273 Haec
1216 4211 1306 4272 enim

109 4335 217 4399 verba
247 4336 318 4398 eius
350 4342 444 4397 sunt:
482 4334 591 4414 ,unde
623 4333 736 4402 Pisoni
767 4334 869 4396 timor
898 4341 932 4396 et
956 4339 1031 4393 orta
1056 4330 1249 4393 insidiarum
1275 4331 1308 4392 in

111 4455 286 4522 Neronem
306 4475 429 4538 magna
450 4452 555 4516 moles
572 4459 607 4514 et
623 4452 865 4536 improspera'’.
881 4453 970 4515 Num
985 4451 1072 4512 iusto
1085 4449 1310 4514 severioribus
