3266 5238
672 418 716 482 99

104 595 222 658 magno
244 577 393 652 nomine,
414 577 541 639 recenti
563 576 677 640 lavore
697 586 732 640 et
752 577 900 640 infensus
915 577 996 640 Tito
1012 577 1127 652 Vini0,
1140 597 1198 640 seu
1211 578 1291 660 quia

102 703 179 769 erat,
199 715 258 785 seu
280 695 360 776 quia
380 696 454 758 irati
475 697 523 758 ita
542 696 721 772 volebant;
742 705 777 759 et
797 696 926 760 facilius
946 697 989 759 de
1009 697 1090 759 odio
1110 695 1290 759 creditur”.

104 813 230 877 Ultima
260 815 427 878 vocabula
456 827 488 880 et
510 815 655 898 facilius
680 816 928 879 creditur
959 836 1026 878 non
1058 816 1102 878 ad
1129 816 1290 879 Pisonem

102 933 308 1016 Viniumque
331 934 421 996 solos
445 935 626 1016 pertinent,
651 937 710 998 sed
736 935 929 1017 generalem
949 935 1121 1016 quandam
1142 935 1292 997 efficiunt

101 1055 320 1118 sententiam:
348 1055 489 1118 omnino
513 1075 589 1118 cum
614 1056 657 1118 ad
683 1057 798 1119 odium
822 1065 1037 1138 provocatur,
1061 1055 1190 1119 facilius
1214 1055 1291 1119 huic

100 1183 299 1256 argumento
323 1195 425 1257 quam
449 1175 570 1238 ceteris
594 1175 752 1238 omnibus
775 1195 890 1238 aurem
914 1175 1080 1257 praebent
1104 1174 1269 1238 liomines.

142 1293 255 1357 Aliter
288 1314 324 1357 se
359 1314 413 1357 res
447 1295 551 1358 habet
586 1295 619 1358 in
655 1295 843 1359 vocabulis⁴
861 1295 1075 1377 quibusdam,
1107 1315 1194 1377 quae
1226 1294 1292 1358 alio

100 1415 249 1495 quodam
279 1414 355 1478 loco
386 1415 550 1478 subsimili
582 1417 713 1479 ratione
737 1416 1022 1498 praecedentibus
1046 1424 1124 1479 sunt
1148 1436 1292 1479 annexa.

101 1533 142 1595 H.
167 1534 193 1608 Ι,
217 1551 272 1612 41.
297 1535 481 1616 Postquam
505 1536 645 1598 Tacitus
669 1536 818 1597 narravit
841 1537 951 1598 varios
971 1555 1044 1598 esse
1065 1537 1108 1599 de
1128 1538 1293 1619 supremis

100 1652 228 1716 Galbae
252 1653 364 1717 verbis
387 1675 548 1731 rumores,
573 1655 657 1718 haec
680 1657 793 1719 addit:

144 1794 233 1854 ,non
258 1774 411 1838 interfuit
433 1775 665 1838 occidentium
690 1776 772 1857 quid
797 1773 959 1837 diceret.”

142 1895 298 1969 Putasne,
318 1896 557 1958 tantummodo
575 1896 762 1959 exornandi
777 1915 878 1959 causa
894 1895 1060 1958 vocabula
1073 1895 1129 1958 illa
1140 1897 1275 1960 adiecta

99 2013 177 2076 Non
206 2033 287 2096 ego;
317 2035 395 2078 nam
421 2035 489 2077 non
512 2014 690 2078 Taciteam
714 2014 865 2078 indolem
889 2015 1054 2078 eiusmodi
1079 2015 1218 2078 referret
1242 2037 1275 2078 or

99 2141 312 2208 namentum;
342 2133 390 2196 sic
419 2133 568 2216 loquitur
592 2134 645 2197 cui
672 2133 772 2197 molle
795 2143 847 2196 est
872 2143 991 2216 pectus
1015 2143 1049 2197 et
1074 2136 1116 2198 ad
1141 2135 1295 2198 lacrimas

98 2273 254 2335 pronum,
287 2272 355 2316 non
388 2255 438 2316 vir
470 2253 565 2317 fortis
598 2253 768 2337 pauloque
801 2253 924 2328 durior,
949 2253 1057 2335 qualis
1081 2263 1132 2316 est
1155 2255 1295 2318 Tacitus

100 2382 159 2435 aut
179 2381 273 2436 certe
292 2374 400 2436 videri
422 2372 503 2437 vult.
525 2373 604 2437 Non
625 2374 855 2437 misericordia
870 2373 953 2436 haec
967 2375 1167 2455 provocavit
1181 2375 1295 2450 verba,

98 2513 166 2556 non
193 2493 247 2556 hic
271 2491 375 2556 deflet
398 2492 519 2575 aliquis
539 2494 696 2557 miseram
717 2493 845 2558 Galbae
866 2502 1004 2567 sortem,
1024 2495 1082 2575 qui
1102 2514 1208 2557 senex
1227 2495 1294 2557 iam

96 2612 251 2675 infirmus
282 2622 354 2676 tam
383 2613 611 2676 inexorabiles
642 2621 761 2676 nactus
791 2614 835 2675 sit
862 2613 1089 2688 adversarios;
1115 2612 1295 2676 historicus

97 2733 259 2813 loquitur,
295 2733 352 2814 qui
384 2752 442 2794 cur
473 2740 543 2794 tam
577 2752 696 2814 parum
728 2739 863 2794 constet
893 2733 937 2794 de
967 2732 1132 2813 supremis
1165 2731 1294 2796 Galbae

97 2851 212 2914 verbis
231 2851 398 2914 rationem
418 2851 540 2914 reddit.
563 2852 657 2914 Haec
678 2851 767 2914 enim
789 2851 822 2913 in
843 2851 959 2933 paucis
979 2849 1043 2914 illis
1063 2851 1176 2914 insunt
1196 2871 1294 2915 voca·

98 2972 204 3036 bulis:
229 2972 365 3052 ,audire
385 2970 489 3034 verba
510 2970 565 3033 illa
585 2980 720 3053 praeter
735 2972 836 3053 ipsos,
854 2971 912 3052 qui
929 2969 1073 3034 Galbam
1086 2973 1294 3048 occiderunt,
1359 2985 1363 2992 '

98 3112 202 3154 nemo
237 3093 368 3174 potuit;
403 3099 439 3154 at
474 3091 607 3154 illorum
643 3111 711 3153 non
747 3090 898 3153 interluit
930 3092 1012 3172 quid
1044 3093 1182 3168 diceret,
1214 3113 1295 3176 ergo

98 3221 221 3294 postea
252 3211 363 3274 nullus
394 3211 436 3273 de
468 3231 508 3274 ea
539 3231 575 3274 re
607 3211 748 3273 idoneus
772 3211 869 3273 testis
893 3211 1161 3276 inveniebatur.'’
1187 3213 1295 3277 Unice

97 3352 215 3395 veram
247 3332 335 3394 hanc
363 3351 436 3394 esse
464 3330 583 3394 horum
609 3331 790 3394 verborum
814 3331 1078 3413 explicationem
1103 3333 1156 3396 vel
1181 3353 1199 3396 e
1223 3334 1296 3396 solo

96 3450 255 3534 perfecto
279 3451 438 3533 interfuit
459 3459 612 3533 apparet.

143 3571 192 3634 H.
216 3571 243 3646 I,
268 3585 320 3654 72.
353 3569 476 3652 ,Apud
505 3569 649 3633 Galbam
673 3569 744 3633 Titi
767 3571 861 3634 Vinii
885 3572 1040 3654 potentia
1064 3571 1221 3635 defensus
1245 3580 1296 3634 est

96 3691 312 3774 (Tigellinus)
337 3691 567 3772 praetexentis
590 3699 759 3754 servatam
784 3690 827 3752 ab
852 3709 893 3752 eo
918 3689 1054 3752 filiam”.

143 3811 204 3874 Ex
235 3810 315 3892 ipsis
343 3809 455 3872 verbis
480 3809 537 3872 vix
561 3810 685 3872 efficias
710 3811 753 3872 de
777 3809 951 3873 Galbaene
975 3829 1018 3871 an
1043 3809 1086 3871 de
1111 3808 1204 3872 Vinii
1228 3809 1295 3872 filia

96 3949 215 3994 sermo
245 3930 299 4004 sit,
323 3929 383 3991 sed
408 3927 537 3992 Galbae
561 3936 676 3991 tamen
701 3927 804 3991 filiam
828 3925 1008 4009 significari
1032 3949 1051 3991 e
1075 3930 1295 4010 sequentibus

95 4057 244 4132 apparet
264 4047 387 4122 verbis,
407 4067 494 4130 quae
512 4055 548 4110 et
566 4047 639 4130 ipsa
654 4047 803 4129 aliquam
816 4048 991 4129 requirunt
1002 4047 1295 4131 explanationem:

145 4176 206 4248 ,et
228 4166 317 4230 haud
339 4166 441 4228 dubie
461 4176 665 4242 servaverat,
688 4186 755 4230 non
776 4167 957 4230 clementia
977 4169 1103 4250 quippe
1124 4176 1176 4230 tot
1196 4170 1296 4231 inter-

95 4289 212 4362 iectis,
241 4289 300 4350 sed
325 4286 486 4368 effugium
511 4286 544 4348 in
569 4286 727 4362 futurum,
752 4287 831 4368 quia
856 4287 1021 4370 pessimus
1045 4288 1187 4370 quisque
1212 4287 1296 4349 diffi-

95 4408 220 4474 dentia
254 4408 484 4490 praesentium
515 4406 738 4470 mutationem
770 4427 899 4489 pavens
930 4408 1091 4469 adversus
1123 4405 1296 4489 publicum
1406 4481 1412 4496 Ι
