3248 5230
887 410 951 488 246

320 613 416 676 spem
448 591 696 656 incolumitatis
727 589 879 653 Caesaris
909 589 1062 663 affirmat,
1095 608 1197 669 quam
1227 588 1254 650 si
1286 587 1338 650 ius
1369 585 1516 649 militum

321 733 388 776 uno
419 711 476 775 illo
509 712 564 776 die
598 713 633 774 in
657 709 805 792 aliquem
828 709 1026 772 libertorum
1050 707 1261 784 transferret3
1287 727 1391 789 seque
1415 705 1517 769 offert

319 829 588 914 suscepturum.’'

366 948 450 1032 Quis
479 949 657 1030 imperium
683 947 837 1023 militare,
862 948 953 1029 quod
979 967 1067 1010 nunc
1092 967 1196 1030 penes
1220 945 1354 1028 Getam,
1378 963 1516 1028 suspec-

322 1077 395 1132 tum
418 1069 602 1143 hominem,
627 1077 688 1142 est,
713 1068 757 1130 ad
780 1066 979 1130 libertorum
1003 1067 1150 1149 aliquem
1173 1065 1363 1140 transferet,
1387 1066 1414 1128 si
1435 1084 1518 1127 con-

321 1187 396 1250 silio
430 1187 576 1251 Narcissi
611 1184 924 1268 obtemperabitur?
949 1186 1082 1269 Nempe
1106 1185 1276 1250 Claudius.
1301 1185 1348 1248 Et
1370 1185 1424 1248 cui
1449 1185 1517 1247 hoc

322 1310 382 1372 dat
412 1307 589 1374 consilium
613 1326 759 1370 —nam
790 1306 967 1369 consilium
998 1307 1136 1387 aliquod
1167 1307 1202 1368 in
1234 1305 1346 1375 verbis
1369 1305 1441 1368 eius
1466 1305 1517 1368 in-

321 1447 406 1498 esse,
442 1446 510 1490 non
546 1445 672 1489 meram
706 1426 912 1508 opinionem,
945 1425 1020 1506 quis
1051 1423 1210 1507 negabit?
1242 1461 1286 1472 -
1318 1424 1518 1488 Narcissus?

323 1539 457 1628 Nempe
489 1544 641 1608 Claudio.
667 1545 713 1607 Et
737 1545 779 1607 de
803 1546 895 1608 cuius
918 1543 1048 1608 libertis
1071 1544 1126 1608 hic
1149 1565 1260 1608 sermo
1285 1543 1356 1608 est?
1380 1543 1517 1609 Claudii

322 1674 359 1729 ut
383 1665 514 1747 opinor.
535 1663 756 1727 Confideuter
776 1683 856 1745 ergo
877 1683 939 1746 pro
959 1663 1115 1728 Caesaris
1132 1684 1261 1746 repono
1277 1662 1425 1738 Caesari,
1447 1684 1519 1746 qua

323 1785 517 1847 coniectura
548 1781 645 1846 simul
669 1783 833 1846 sermonis
857 1783 1042 1846 consulitur
1066 1783 1263 1865 integritati.
1289 1783 1377 1846 Nam
1402 1803 1518 1865 neque

323 1905 389 1966 isto
423 1901 563 1966 Caesari
592 1921 706 1965 carere
737 1901 791 1964 hic
815 1903 982 1984 possimus
1006 1910 1041 1964 et
1067 1921 1154 1982 ,non
1177 1901 1278 1964 aliam
1302 1921 1397 1984 spem
1422 1903 1520 1965 inco·

323 2021 485 2085 lumitatis
517 2021 668 2084 Caesaris
691 2020 857 2084 affirmat”
882 2021 1026 2083 duritiae
1050 2028 1102 2084 est
1125 2040 1193 2082 non
1217 2019 1387 2084 serendae.
1417 2021 1520 2101 ,Non

323 2150 374 2204 est
398 2140 463 2203 alia
487 2140 727 2203 incolumitatis
751 2139 850 2223 spes”
870 2141 918 2202 sic
939 2138 1117 2203 Claudium
1138 2138 1313 2202 Narcissus
1333 2138 1521 2222 alloquitur

328 2282 448 2344 „quam
468 2262 495 2324 si
516 2260 582 2323 hoc
602 2281 669 2324 uno
691 2261 745 2324 die
765 2260 944 2343 imperium
965 2261 1256 2343 praetorianorum
1268 2260 1303 2322 in
1316 2259 1520 2324 libertorum

325 2387 459 2443 tuorum
491 2379 639 2461 aliquem
670 2379 882 2446 transferes.”
916 2380 968 2442 De
991 2401 1053 2443 sua
1076 2399 1149 2442 esse
1173 2398 1364 2442 sermonem
1387 2379 1521 2442 incolu-

325 2501 443 2564 mitate
466 2508 599 2582 sponte,
624 2507 661 2561 ut
685 2499 815 2582 opinor,
840 2498 1008 2562 intellexit
1031 2489 1175 2582 pauidus
1198 2498 1366 2581 princeps,

369 2737 414 2800 A.
439 2737 499 2813 XI,
526 2755 577 2818 34.
603 2737 655 2799 De
679 2737 940 2819 importunitate
963 2737 1077 2799 uxoris
1101 2738 1243 2800 edoctus
1266 2735 1436 2812 Claudius,
1462 2757 1522 2800 co·

326 2855 464 2918 mitibus
492 2855 633 2918 Vitellio
664 2864 698 2918 et
732 2855 844 2936 Largo
875 2854 1022 2919 Caecina
1053 2855 1087 2917 in
1120 2855 1237 2918 urbem
1262 2853 1446 2917 revehitur.
1482 2856 1523 2918 In

324 2993 393 3054 quo
425 2975 544 3036 itinere
569 2973 726 3037 Vitellius
757 2975 946 3037 identidem
979 2995 1017 3054 ,o
1042 2974 1179 3049 facinus,
1205 2994 1226 3036 0
1250 2972 1380 3036 scelus”
1404 2993 1523 3055 neque

324 3093 512 3175 quidquam
536 3093 624 3156 ultra
647 3093 834 3157 clamabat:

373 3211 546 3291 ,Instabat
577 3213 717 3293 quidem
743 3212 918 3276 Narcissus
941 3213 1087 3295 aperiret
1111 3213 1282 3294 ambages,
1307 3220 1342 3274 et
1366 3212 1436 3274 veri
1464 3233 1522 3276 co·

325 3330 416 3412 piam
441 3329 566 3392 faceret
581 3329 620 3412 ¹);
647 3330 707 3392 sed
732 3351 800 3393 non
824 3332 902 3393 ideo
923 3331 1076 3413 pervicit,
1096 3333 1177 3413 quin
1197 3351 1360 3413 suspensa
1380 3340 1425 3406 et,
1448 3352 1522 3413 quo

325 3450 528 3512 ducerentur
559 3450 759 3513 inclinatura
783 3451 1015 3533 responderet,
1040 3450 1266 3534 exemploque
1291 3451 1362 3514 eius
1386 3451 1524 3535 Largus

325 3567 472 3633 Caecina
495 3567 679 3632 uteretur.”

370 3687 479 3751 Multo
511 3689 634 3752 rectius
665 3688 720 3751 hic
753 3708 815 3771 pro
846 3699 996 3752 uteretur
1027 3687 1178 3770 legemus
1209 3689 1372 3753 utebatur.
1398 3689 1522 3755 Solum

333 3806 498 3870 Vitellium
534 3815 571 3869 ut
604 3807 766 3888 ambages
800 3826 875 3870 suas
910 3807 1057 3889 aperiret
1093 3806 1267 3871 Narcissus
1299 3808 1522 3875 hortabatur:

325 3925 412 3987 illius
442 3927 533 3988 enim
564 3926 696 3990 fuerant
728 3926 993 3989 exclamationes
1025 3927 1119 3989 istae.
1152 3927 1286 3991 Deinde
1318 3928 1448 4010 aliquid
1478 3934 1522 3995 de

324 4044 431 4107 altero
456 4045 580 4108 comite
605 4044 736 4108 Claudii
761 4046 905 4129 scriptor
929 4046 1035 4108 addit.

363 4257 389 4322 1)
413 4257 495 4305 Recte
519 4254 787 4319 aperiret—faceret
810 4257 958 4322 Madvigius
983 4257 1076 4321 reponi
1100 4257 1174 4306 iussit
1194 4272 1241 4320 pro
1261 4257 1409 4322 aperire—
1413 4261 1520 4323 facere.

325 4341 391 4402 Quis
416 4341 450 4389 sit
474 4340 502 4387 in
527 4338 573 4387 tali
598 4355 625 4388 re
643 4341 778 4405 aperiendi
796 4342 869 4392 verbi
888 4359 948 4393 usus
965 4343 1057 4392 docere
1078 4348 1187 4408 possunt
1206 4341 1233 4391 hi
1252 4341 1303 4392 loci
1323 4357 1356 4392 ex
1375 4343 1520 4396 Historiis:

325 4427 355 4474 1..
375 4425 411 4490 11,
430 4433 463 4488 53
482 4430 508 4473 et
529 4421 569 4487 78.
