3266 5238
694 410 755 474 119

123 569 269 634 Chattos
300 591 406 652 usque
437 571 621 634 sinuetur’'.
654 570 750 654 Quae
782 593 989 655 quamquam
1021 581 1055 634 et
1087 573 1159 655 ipsa
1183 591 1320 634 omnem

118 689 270 754 ludibrio
296 690 424 754 habent
447 690 703 774 geographiam,
728 701 843 755 tamen
868 693 993 756 diserte
1017 691 1192 755 declarant
1211 691 1320 755 Chau-

119 829 239 872 corum
264 810 412 892 regionis
435 810 562 873 nullam
590 810 691 874 luisse
716 820 848 894 partem
872 813 962 876 unde
987 812 1084 875 unius
1108 812 1174 875 diei
1200 811 1321 874 itinere

118 929 165 991 ad
192 928 302 994 Ubios
328 930 382 1011 (ne
407 930 450 992 de
475 929 661 994 Veteribus
684 930 815 1014 loquar)
841 933 1009 1014 perveniri
1034 941 1159 1014 posset.

166 1047 212 1110 A.
238 1049 265 1123 1,
289 1065 343 1128 42.
376 1049 448 1112 lam
481 1051 598 1113 taedet
631 1050 871 1115 Germanicum
903 1051 1109 1115 tumultuum
1137 1059 1172 1113 et
1195 1051 1321 1113 discor-

120 1168 268 1243 diarum,
301 1169 368 1232 iam
401 1171 435 1232 in
467 1188 510 1232 eo
540 1179 591 1232 est
616 1179 652 1234 ut
676 1171 856 1234 seditiosos
881 1171 1004 1234 milites
1027 1171 1195 1253 relinquat
1219 1170 1319 1232 etad

120 1288 334 1370 superiorem
359 1288 592 1371 proficiscatur
614 1291 819 1367 exercitum;
849 1300 941 1356 certe
965 1292 1061 1354 uxori
1086 1299 1188 1353 uteo
1212 1288 1320 1352 abiret

121 1408 304 1490 persuasit,
328 1408 464 1491 iamque
492 1409 692 1490 ,incedebat
714 1409 932 1492 muliebreet
953 1409 1143 1474 miserabile
1156 1407 1319 1490 agmen”:

120 1549 164 1592 ea
195 1549 251 1591 res
275 1527 399 1591 milites
423 1527 644 1592 vehementer
672 1538 878 1604 commovet,
903 1529 1009 1611 litque
1034 1527 1237 1592 Germanico
1262 1547 1321 1590 eos

118 1647 321 1732 alloquendi
353 1649 464 1731 copia.
496 1649 534 1711 ln
564 1669 632 1731 qua
655 1649 809 1712 oratione
833 1657 868 1711 et
890 1649 956 1712 alia
979 1648 1137 1731 leguntur
1160 1658 1194 1710 et
1218 1647 1319 1710 haec:

121 1767 251 1848 „Hunc
275 1787 339 1850 ego
368 1769 525 1831 nuntium
549 1769 647 1851 patri,
672 1768 762 1832 laeta
787 1767 901 1831 omnia
924 1767 989 1831 alia
1013 1788 1032 1830 e
1057 1767 1240 1850 provinciis
1264 1787 1320 1831 au·
1379 1845 1381 1849 Ι

119 1887 243 1961 dienti,
275 1883 402 1949 leram?
433 1887 537 1969 ipsius
561 1887 697 1962 tirones,
723 1888 828 1970 ipsius
853 1895 1032 1950 veteranos
1056 1906 1124 1949 non
1151 1887 1319 1961 missione,

119 2027 192 2070 non
226 2007 372 2089 pecunia
401 2007 559 2082 satiatos;
591 2005 645 2070 hic
675 2015 807 2070 tanturn
839 2007 982 2069 interfici
1006 2006 1232 2080 centuriones
1257 2006 1320 2068 eici

119 2127 291 2201 tribunos
325 2126 452 2190 includi
486 2125 627 2207 legatos,
664 2125 789 2189 inlecta
823 2126 986 2208 sanguine
1018 2135 1138 2201 castra,
1172 2127 1319 2202 flumina,

122 2267 251 2329 meque
283 2247 470 2328 precariam
499 2246 650 2308 animam
681 2245 769 2309 inter
798 2243 946 2309 infensos
970 2245 1114 2310 trahere.
1139 2246 1206 2310 Cur
1230 2248 1319 2309 enim

121 2367 239 2450 primo
270 2366 438 2429 contionis
462 2367 517 2428 die
542 2365 665 2428 ferrum
690 2365 782 2442 illud,
807 2367 900 2448 quod
925 2367 1056 2449 pectori
1080 2387 1157 2429 meo
1182 2366 1320 2448 infigere

122 2487 303 2571 parabam,
328 2486 532 2560 detraxistis
558 2505 579 2548 o
603 2485 785 2568 improvidi
810 2484 952 2549 amici?'’

169 2606 303 2673 Ultima
324 2605 408 2670 haec
428 2626 589 2688 quorsum
608 2613 765 2689 spectent
786 2607 893 2689 probe
911 2607 1076 2670 novimus.
1094 2605 1214 2690 Capite
1231 2605 1321 2668 enim

122 2743 163 2810 35
199 2726 354 2808 legimus,
386 2727 442 2789 ubi
475 2727 621 2808 primum
652 2733 762 2788 castra
789 2726 973 2789 introiisset
998 2725 1227 2800 Germanicus
1253 2745 1321 2788 non

119 2847 235 2911 solum
268 2848 310 2910 de
343 2847 484 2910 miseriis
515 2847 583 2910 suis
616 2847 659 2909 ad
686 2865 764 2909 eurn
789 2853 995 2928 conquestos
1018 2865 1090 2908 esse
1115 2843 1238 2909 milites
1260 2846 1321 2908 sed

120 2968 230 3031 etiarn
254 2966 317 3048 ipsi
341 2966 503 3030 obtulisse
528 2966 723 3048 imperium:
751 2973 843 3046 „tum
868 2985 949 3028 vero
973 2966 1068 3047 quasi
1092 2965 1218 3029 scelere
1242 2985 1321 3028 con·

120 3087 358 3162 taminaretur,
390 3106 553 3169 praeceps
584 3085 743 3148 tribunali
775 3085 921 3148 desiluit.
954 3085 1155 3168 Opposuere
1183 3087 1321 3149 abeunti

119 3227 230 3282 arma,
263 3206 468 3279 minitantes,
494 3206 527 3268 ni
551 3206 796 3287 regrederetur.
821 3203 872 3267 At
895 3204 951 3267 ille
975 3207 1174 3269 moriturum
1199 3207 1322 3288 potius,

121 3347 230 3411 quam
249 3325 351 3389 fidem
370 3333 510 3388 exueret
527 3324 704 3388 clamitans
722 3323 845 3386 ferrum
864 3345 884 3386 a
900 3323 1004 3388 latere
1018 3324 1167 3408 diripuit,
1181 3324 1321 3388 elatum·

121 3467 193 3530 que
229 3445 403 3509 deserebat
439 3445 472 3508 in
505 3453 634 3527 pectus,
666 3445 699 3507 ni
732 3445 879 3526 proximi
911 3465 1068 3526 prensam
1099 3446 1255 3507 dextram
1287 3446 1319 3508 vi

120 3563 375 3631 attinuissent”.

174 3685 221 3748 Et
251 3693 366 3748 tamen
400 3675 633 3746 Germanicum
659 3682 770 3745 verbis
797 3682 925 3764 „primo
950 3680 1118 3744 contionis
1142 3681 1220 3742 die”
1243 3699 1320 3742 cum

122 3825 225 3870 usum
249 3823 322 3867 esse
345 3803 499 3886 legimus,
523 3773 745 3865 subridemus.
771 3801 849 3863 Non
874 3800 964 3861 enim
985 3800 1108 3861 decent
1129 3797 1192 3860 ista
1213 3799 1321 3860 virum

122 3925 308 3990 militarem
348 3922 492 3986 militum
532 3922 769 3985 seditiosorum
807 3918 999 4001 placantem
1034 3916 1175 3979 animos
1211 3915 1322 3998 Quem

120 4048 274 4110 deceant
302 4039 456 4125 quaeris?
480 4041 660 4106 Oratorem
685 4041 728 4102 de
752 4038 928 4101 discordiis
952 4037 1123 4120 legionum
1149 4036 1322 4101 Germani·

121 4184 243 4230 carum
279 4161 423 4225 facunde
459 4170 494 4224 et
530 4181 574 4224 ex
607 4159 688 4222 artis
720 4157 911 4240 praeceptis
942 4166 1144 4231 narrantem,
1177 4157 1322 4236 ideoque

120 4283 318 4367 legentibus
342 4282 522 4364 diligenter
545 4282 579 4343 in
605 4277 803 4342 memoriam
823 4286 1041 4341 revocantem
1061 4297 1148 4360 quae
1169 4277 1235 4340 iam
1257 4275 1325 4338 sint

123 4403 302 4473 orationes
326 4400 463 4464 habitae
588 4407 740 4480 quotque
764 4395 954 4479 quibusque
980 4398 1100 4460 modis.
