3228 5236
908 428 970 490 208

340 606 424 670 tellii
447 606 587 670 libertus
606 606 778 668 Asiaticus
795 605 979 686 Polyclitos
995 607 1182 681 Patrobios,
1204 607 1351 670 Neronis
1369 605 1537 669 libertos.’'

342 727 430 790 Nam
456 747 545 790 nunc
571 727 662 808 quod
683 725 792 789 solum
814 727 991 788 annotavit
1012 726 1151 789 sciolus:
1181 725 1306 791 Vitellii
1324 727 1471 800 libertus,
1491 727 1537 788 ad

344 845 432 909 hunc
455 866 560 927 usque
581 846 673 908 diem
694 865 822 918 omnes,
838 853 1006 926 quotquot
1019 855 1106 920 sunt,
1121 847 1289 909 editiones
1301 847 1538 909 commaculat.

389 967 432 1029 H.
455 967 515 1042 III,
538 983 589 1048 23.
611 967 648 1029 In
671 967 862 1029 narratione
882 967 926 1028 de
940 966 1069 1049 proelio
1081 968 1124 1030 ad
1138 966 1342 1030 Cremonam
1355 969 1539 1030 commisso

343 1095 378 1149 et
402 1085 467 1149 alia
492 1085 649 1168 leguntur
673 1093 707 1147 et
731 1085 833 1148 haec:

392 1207 542 1288 ,Neutro
563 1207 783 1269 inclinaverat
795 1205 929 1268 fortuna
942 1207 1052 1268 donec
1065 1205 1181 1269 adulta
1194 1214 1295 1269 nocte
1307 1204 1387 1269 luna
1398 1226 1541 1288 surgens

344 1328 541 1390 ostenderet
570 1327 671 1389 facies
699 1326 908 1407 falleretque,
938 1327 997 1388 sed
1023 1325 1195 1388 Flavianis
1217 1327 1357 1407 aequior
1379 1347 1400 1389 a
1421 1336 1538 1408 terg03

346 1449 423 1512 hinc
449 1449 593 1511 maiores
616 1467 781 1529 equorum
805 1447 1021 1529 virorumque
1046 1448 1196 1529 umbrae,
1221 1455 1256 1509 et
1276 1447 1360 1509 salso
1380 1448 1448 1509 ictu
1469 1447 1541 1510 tela

346 1567 495 1630 hostium
515 1568 600 1629 citra
620 1565 806 1629 cadebant:
820 1564 995 1629 Vitelliani
1016 1567 1159 1630 adverso
1180 1567 1305 1629 lumine
1319 1565 1541 1629 conlucentes

348 1687 440 1749 velut
465 1707 508 1748 ex
532 1685 666 1748 occulto
690 1685 915 1748 iaculantibus
938 1687 1063 1749 incauti
1089 1685 1350 1749 offerebantur.”

394 1805 528 1879 Nonne,
552 1825 629 1867 cum
653 1805 767 1867 omnia
792 1805 845 1867 hic
869 1806 937 1868 sint
962 1806 1259 1888 praestantissima,
1284 1814 1399 1868 tamen
1420 1805 1544 1868 ceteris

349 1924 507 1989 omnibus
538 1924 725 2006 elegantius
757 1925 967 1986 enuntiatum
1001 1925 1136 1987 videtur
1167 1923 1248 1988 illud
1266 1925 1363 2006 falso
1386 1927 1451 1989 ictu
1476 1925 1544 1988 tela

350 2047 492 2111 hostium
516 2043 603 2108 citra
623 2044 802 2108 cadebant?
826 2043 916 2125 Quid
941 2045 1030 2107 enim
1052 2045 1106 2107 hic
1126 2045 1179 2107 vel
1199 2045 1242 2107 ad
1264 2046 1544 2127 perspicuitatem

259 2224 263 2234 ,
351 2165 405 2228 vel
422 2165 465 2226 ad
485 2172 698 2227 venustatem
716 2162 947 2227 desideratur?
968 2163 1058 2245 Quid
1076 2165 1157 2227 addi
1176 2175 1311 2246 poterat
1323 2166 1395 2228 sine
1408 2185 1545 2228 summo

352 2284 540 2367 elegantiae
565 2283 714 2365 periculo
737 2292 840 2364 atque
864 2285 950 2346 adeo
975 2282 1144 2366 perniciei
1167 2284 1268 2348 Falso
1290 2286 1372 2348 ictu:
1398 2304 1547 2366 corpora

351 2406 508 2468 nimirum
532 2423 605 2466 esse
630 2403 765 2466 umbras
785 2403 859 2466 illas
879 2404 1056 2486 putabant.
1082 2404 1235 2467 Hoccine
1255 2406 1362 2468 voluit
1381 2406 1546 2470 Tacitus?

353 2525 431 2588 Non
451 2525 582 2608 opinor,
600 2525 677 2587 sed:
701 2522 841 2604 „longae
860 2523 935 2586 illae
954 2525 1093 2587 umbrae
1107 2525 1300 2588 efficiebant
1313 2534 1349 2588 ut
1362 2527 1405 2589 de
1418 2528 1545 2609 spati0,

351 2646 444 2727 quod
476 2645 564 2707 inter
594 2644 763 2706 exercitus
794 2651 892 2741 esset,
925 2651 959 2705 et
991 2644 1033 2706 de
1064 2644 1151 2719 loco,
1184 2645 1240 2708 ubi
1265 2653 1393 2709 starent
1416 2645 1547 2722 hostes,

354 2764 527 2828 Vitelliani
560 2762 775 2826 fallerentur”
793 2761 824 2844 ¹).
861 2762 955 2826 Haec
987 2764 1097 2827 Taciti
1122 2785 1217 2828 mens
1241 2766 1313 2841 suit,
1338 2769 1409 2841 sed,
1434 2768 1548 2849 qualis

343 2884 399 2949 ille
424 2904 516 2946 error
541 2883 657 2945 suisset
681 2883 870 2945 accuratius
893 2883 1085 2947 describere
1109 2887 1316 2968 supersedit;
1342 2887 1543 2963 rectissime,

345 3024 424 3067 nam
444 3005 491 3066 sic
513 3002 684 3085 praeclara
704 3003 851 3065 nascitur
872 3003 1066 3085 descriptio
1092 3004 1141 3068 At
1160 3005 1258 3068 aliter
1269 3006 1406 3070 librario
1420 3008 1546 3084 visum,

346 3123 400 3187 vel
425 3124 538 3204 potius
562 3123 641 3185 viris
664 3124 784 3197 doctiS,
806 3123 873 3204 qui,
895 3123 940 3185 illi
963 3123 1128 3199 obsecuti,
1148 3125 1190 3188 ad
1211 3125 1300 3188 hunc
1321 3146 1427 3208 usque
1448 3129 1546 3191 diem

346 3242 381 3304 in
413 3250 509 3305 textu
542 3242 753 3305 retinuerunt
785 3243 875 3323 (post
900 3243 1008 3324 salso)
1039 3244 1198 3306 insulsam
1224 3246 1484 3309 annotationem
1513 3261 1551 3311 ut

345 3363 380 3424 in
411 3373 561 3444 corpora.
600 3360 657 3423 An
690 3360 894 3424 Vitellianos
926 3362 969 3424 de
1000 3362 1164 3426 industria
1196 3364 1335 3426 humum
1367 3364 1443 3428 telis
1477 3369 1550 3430 suis

348 3482 486 3565 petiisse
511 3478 690 3562 putemus?

391 3599 435 3662 H.
463 3599 523 3673 Ill,
549 3617 598 3681 31.
620 3598 789 3662 Cremona
801 3609 998 3681 expugnata
1012 3601 1045 3662 in
1059 3601 1167 3663 victos
1181 3601 1384 3666 Vitellianos
1397 3605 1552 3669 victores

349 3720 569 3801 ,ingerebant
593 3717 728 3800 probra,
753 3717 970 3780 intentabant
991 3719 1116 3794 ictus”;
1137 3740 1218 3782 mox
1239 3729 1353 3784 tamen
1374 3723 1422 3786 ira
1443 3728 1552 3789 cessit

346 3839 596 3901 misericordiae
620 3846 671 3900 et:

396 3956 517 4036 „subiit
551 3957 742 4019 recordatio
774 3956 848 4019 illos
879 3976 962 4030 esse,
988 3959 1045 4038 qui
1069 3978 1178 4040 nuper
1202 3961 1354 4024 Bedriaci
1380 3965 1551 4030 victoriae

387 4201 413 4267 1)
429 4197 540 4264 Egregie
558 4213 611 4246 rem
626 4197 737 4247 illustrat
754 4199 820 4248 Plut.
837 4199 928 4262 Pomp.
946 4209 993 4260 32:
1012 4204 1042 4251 al
1057 4204 1126 4253 σκιαὶ
1134 4207 1199 4256 πολὺ
1213 4213 1262 4256 νῦν
1275 4207 1552 4272 σωμότννῖμπροσθεν

348 4287 477 4346 sporatio-ar
502 4283 555 4338 τοῖς
580 4282 709 4342 πολεμίοις
730 4279 874 4343 initiatum
897 4281 924 4331 οὐ
943 4281 1086 4344 δυναμένοις
1105 4289 1135 4336 ri
1153 4286 1284 4350 διάστημα
1302 4289 1406 4340 συνιδεῖν
1424 4291 1552 4360 ἀκριβῶς,

348 4365 410 4414 ἀλλ’
434 4361 466 4418 oie
490 4359 515 4410 iv
542 4362 626 4423 χερσὶν
650 4359 694 4418 ἤδη
716 4365 856 4426 γεγονότων
882 4365 942 4420 τοὺς
965 4363 1056 4423 ὑσσοὺς
1078 4367 1185 4430 ἀφέντες
1208 4371 1291 4430 μάτην
1308 4369 1401 4430 οὐδενὸς
1420 4370 1551 4434 ἰφίνωντο,

349 4447 454 4496 Dixeris
473 4448 516 4496 hic
535 4463 550 4496 a
573 4446 710 4496 Plutarcho
728 4449 794 4496 verti
814 4447 899 4496 locum
917 4449 1060 4516 Taciteum,
1079 4453 1183 4516 qualem
1201 4471 1250 4519 ego
1269 4457 1403 4521 proposui.
