3228 5236
676 460 733 528 195

122 639 155 702 ¹9
172 623 204 683 in
223 625 414 686 narratione
434 625 476 687 de
496 624 780 688 tumultuantibus
800 625 1001 687 Pannonicis
1015 623 1206 707 legionibus
1219 625 1302 688 haec

117 739 268 823 legimus:

160 861 421 939 ,Acclamavere
440 863 598 945 (milites),
618 871 655 926 ut
674 862 760 925 filius
779 863 887 928 Blaesi
908 862 1062 926 tribunus
1081 863 1250 945 legatione
1264 882 1303 925 ea

118 977 314 1061 iungeretur,
336 990 537 1064 peteretque
557 981 718 1045 militibus
739 983 932 1046 missionem
956 984 999 1045 ab
1012 984 1159 1046 sedecim
1173 981 1303 1046 annis.”

158 1099 200 1162 Et
219 1101 332 1183 capite
354 1102 406 1182 36,
427 1101 484 1164 ubi
505 1103 615 1182 agitur
634 1088 680 1164 de
686 1103 903 1166 discordibus
917 1101 1108 1165 Germanici
1123 1102 1302 1165 militibus:

160 1219 352 1298 ,Placitum
376 1229 414 1283 ut
438 1221 603 1303 epistolae
627 1223 764 1284 nomine
789 1222 951 1303 principis
970 1221 1205 1296 scriberentur,
1227 1221 1303 1284 mis-

117 1339 238 1402 sionem
251 1341 325 1404 dari
338 1341 457 1404 vicena
469 1343 639 1425 stipendia
652 1342 796 1418 meritis;
811 1343 1036 1417 exauctorari,
1050 1343 1107 1423 qui
1121 1361 1202 1404 sena
1215 1343 1304 1404 dena

118 1457 298 1524 iecissent.”

156 1579 238 1642 Cum
269 1589 470 1663 contemptu
495 1601 575 1664 ergo
600 1582 777 1644 abiicimus
800 1601 887 1664 quae
913 1590 1030 1644 nostro
1053 1582 1166 1664 capite
1190 1581 1302 1644 verbis

118 1701 195 1764 male
207 1702 356 1765 consulta
365 1710 609 1765 annectuntur:
627 1704 767 1784 „quibus
779 1703 928 1765 sedecim
941 1703 1188 1784 stipendiorum
1202 1701 1303 1766 finem

19 1829 20 1832 ’
119 1821 381 1903 expresserant.’'
418 1819 501 1902 Quis
531 1823 621 1884 enim
655 1843 722 1884 non
754 1823 857 1885 sentit
881 1821 1123 1885 absurdissimo
1148 1842 1303 1884 sermone

19 1953 20 1980 l
117 1941 244 2003 sedecim
267 1942 505 2024 stipendiorum
523 1943 626 2026 finem
652 1944 856 2024 expressisse
882 1941 1004 2005 milites
1028 1942 1104 2016 dici,
1130 1943 1187 2024 qui
1213 1941 1304 2025 flagi·

117 2067 265 2123 taverant
297 2069 332 2124 et
362 2061 408 2143 (id
441 2062 532 2143 quod
566 2082 654 2126 nunc
678 2063 816 2124 demum
840 2061 1014 2144 docemur)
1039 2063 1304 2144 impetraverant

18 2235 19 2246 ,
118 2180 231 2255 etiam,
265 2190 302 2243 ut
332 2190 408 2264 post
440 2181 588 2244 sedecim
621 2183 790 2264 stipendia
822 2181 965 2243 honesta
996 2183 1134 2244 daretur
1166 2181 1304 2244 militiae

119 2298 246 2362 missio?
278 2299 362 2381 Quis
392 2320 460 2363 non
493 2300 651 2382 intelligit
682 2301 769 2364 male
798 2302 945 2364 consulta
978 2302 1102 2364 ducum
1127 2321 1209 2376 esse,
1236 2321 1303 2364 non

119 2419 276 2484 militum?

158 2539 198 2602 A.
221 2540 263 2614 Il,
291 2555 338 2602 12.
360 2539 512 2604 Instante
534 2541 663 2623 proelio
684 2540 904 2604 Germanicus
916 2540 1145 2622 explorandos
1159 2541 1302 2604 militum

118 2659 242 2721 animos
265 2668 367 2736 ratus,
395 2680 505 2742 neque
525 2659 668 2722 tribunis
688 2660 1019 2741 centurionibusque,
1043 2680 1152 2741 neque
1173 2660 1303 2723 libertis

118 2779 294 2860 amicisque
316 2777 418 2841 fidem
439 2799 474 2840 se
495 2779 621 2841 habere
643 2799 741 2860 posse
763 2780 929 2860 intelligit,
952 2788 1071 2862 utpote
1091 2781 1148 2861 qui
1162 2780 1303 2843 laetiora

119 2917 212 2978 quam
237 2898 368 2961 veriora
392 2898 515 2961 referre
536 2897 676 2973 soleant,
699 2900 731 2960 in
754 2900 914 2962 contione
934 2919 1015 2961 vero
1036 2899 1139 2961 etiarn
1160 2900 1304 2982 ignavis·

118 3016 213 3080 simos
237 3019 410 3100 pugnandi
434 3039 583 3080 amorem
609 3017 775 3081 simulare.
808 3016 897 3099 Quid
923 3039 1003 3101 ergo
1028 3017 1128 3082 facit?
1159 3019 1303 3103 Vesperi

119 3136 234 3199 assistit
265 3136 492 3200 tabernaculis
515 3155 619 3219 seque
643 3159 663 3200 a
687 3137 849 3201 militibus
874 3139 1028 3202 certatim
1052 3139 1182 3204 laudari
1207 3161 1305 3223 proe-

118 3253 258 3337 liumque
271 3257 331 3319 tali
345 3259 431 3320 duce
444 3257 559 3339 expeti
572 3257 676 3319 audit.
686 3255 782 3318 Illam
795 3264 910 3320 autem
923 3257 1123 3341 explorandi
1137 3262 1304 3324 rationem

119 3373 270 3456 elegerat,
294 3377 373 3458 quia
397 3395 592 3459 persuasum
617 3377 681 3438 sibi
705 3376 872 3439 habebat:

162 3497 313 3576 ,penitus
337 3496 526 3558 noscendas
546 3503 677 3558 mentes
698 3515 775 3558 cum
797 3497 916 3558 secreti
938 3504 972 3558 et
992 3497 1188 3559 incustoditi
1207 3518 1303 3580 spem

118 3619 172 3673 aut
194 3622 320 3676 metum
345 3613 566 3696 proferrent.”

159 3729 303 3812 Quando
315 3741 429 3796 autem
443 3735 476 3797 id
490 3733 613 3797 fiebat?
635 3735 769 3815 Nempe
782 3733 869 3794 inter
881 3752 1023 3794 coenam
1038 3741 1072 3795 et
1085 3734 1217 3816 pocula.
1235 3735 1304 3797 Res

119 3847 187 3930 ipsa
205 3850 328 3914 clamat
347 3859 381 3914 et
401 3871 546 3933 sequens
560 3854 706 3915 narratio
720 3851 807 3914 clare
821 3851 1042 3913 demonstrat.
1070 3852 1209 3916 Minime
1223 3873 1304 3936 ergo

120 3985 199 4049 opus
218 3971 349 4033 disertis
369 3971 403 4034 id
425 3970 478 4033 hic
491 3970 678 4053 significare
692 3969 817 4044 verbis;
835 3969 873 4031 iis
886 3989 967 4032 vero
981 3971 1092 4033 verbis
1105 3971 1303 4053 significare,

17 4101 18 4132 ³
121 4105 209 4167 quae·
225 4109 311 4150 nunc
335 4100 414 4172 post
437 4091 626 4154 incustoditi
649 4091 680 4152 in
701 4098 798 4151 textu
819 4089 992 4171 leguntur:
1017 4092 1124 4170 ,inter
1143 4090 1304 4153 militares

121 4207 229 4270 cib0s”
248 4208 525 4273 absurdissimum
546 4218 606 4272 est.
628 4210 674 4272 Et
695 4209 787 4272 locus
808 4217 842 4271 et
862 4229 973 4273 sermo
994 4220 1138 4293 arguunt
1151 4209 1303 4272 sciolum.

16 4351 18 4420 J
122 4323 273 4408 Suspicor
291 4337 406 4391 autem
426 4330 590 4394 militares
611 4329 690 4391 olim
711 4330 754 4391 ad
776 4341 904 4403 mentes,
926 4331 1013 4393 inter
1033 4331 1117 4393 cibos
1129 4331 1172 4392 ad
1185 4328 1304 4392 ultima

123 4447 302 4510 sententiae
328 4449 493 4512 vocabula
516 4449 615 4512 fuisse
640 4449 858 4529 adscriptum.
