3258 5240
113 648 229 711 verbis
259 649 302 711 ad
334 649 638 711 demonstrandum
671 668 738 711 non
770 648 879 712 solum
912 649 993 730 quid
1026 658 1138 711 narret
1162 649 1312 722 Tacitus,

113 768 175 831 sed
201 769 304 831 etiam
328 768 410 849 quid
437 788 554 831 revera
573 767 699 831 factum
720 768 774 843 sit,
793 769 886 849 quod
907 768 951 831 ab
972 767 1038 843 illo,
1060 757 1141 831 dum
1162 787 1313 831 commo-

113 887 217 950 vendi
250 887 350 950 nimis
380 887 533 970 indulget
564 888 688 964 studio,
713 897 909 970 corruptum
933 889 976 950 sit
999 897 1102 970 atque
1128 888 1312 951 detortum.

161 1007 299 1070 Initium
325 1005 445 1070 faciam
468 1007 512 1070 ab
536 1027 578 1069 eo
603 1007 768 1070 veneficio
791 1028 861 1089 quo
885 1009 927 1070 de
953 1008 1066 1071 medio
1090 1003 1242 1071 snb'latus
1261 1015 1312 1069 est

114 1125 286 1190 Claudius.
319 1126 384 1189 Hic
416 1146 552 1208 quoque
584 1127 677 1190 locus
708 1129 846 1191 tractari
877 1137 970 1192 recte
1002 1147 1069 1190 non
1102 1135 1216 1209 potest
1248 1127 1312 1189 nisi

113 1264 329 1308 removemus
360 1245 491 1321 vitium,
522 1246 614 1328 quod
646 1266 787 1328 pravum
818 1246 1024 1310 emendandi
1047 1248 1198 1310 studium
1224 1246 1313 1309 ultro

114 1366 256 1428 invexit.
283 1365 423 1447 Legitur
446 1365 541 1429 locus
564 1366 657 1428 Ann.
683 1366 761 1429 XII.
787 1368 848 1448 67:

160 1485 353 1568 (scriptores
382 1494 575 1567 temporum
607 1485 739 1549 illorum
770 1486 1004 1569 prodiderunt)
1030 1486 1174 1549 infusum
1200 1487 1310 1550 delec-

113 1605 211 1668 tabili
236 1605 314 1668 cibo
330 1603 352 1688 1)
377 1626 557 1686 venenum,
583 1624 645 1670 nec
670 1607 738 1669 vim
764 1607 997 1669 medicaminis
1021 1607 1137 1668 statim
1161 1605 1313 1669 intellec·

114 1733 186 1787 tam
218 1725 419 1788 socordiane
450 1745 493 1788 an
526 1724 657 1789 Claudii
669 1724 694 1808 ²)
727 1725 930 1801 vinolentia;
964 1727 1062 1788 simul
1086 1726 1196 1788 soluta
1218 1726 1314 1789 alvus

114 1844 314 1908 subvenisse
346 1844 535 1908 videbatur.
568 1845 674 1928 Igitur
702 1846 866 1909 exterrita
888 1846 1091 1928 Agrippina,
1118 1855 1151 1908 et
1176 1847 1314 1927 quando

114 1963 236 2028 ultima
259 1964 476 2040 timebantur,
501 1975 617 2048 spreta
640 1967 868 2048 praesentium
893 1966 1033 2046 invidia,
1055 1967 1225 2049 provisam
1246 1968 1313 2030 iam

114 2084 179 2147 sibi
214 2083 417 2147 Xenocratis
449 2086 571 2148 medici
596 2086 840 2184 conscientiam
863 2085 1016 2152 adhibet.
1042 2086 1113 2161 Ille,
1139 2095 1313 2168 tamquam

116 2204 210 2266 nisus
247 2205 438 2268 evomentis
474 2205 660 2279 adiuvaret,
698 2207 837 2288 pinnam
873 2206 993 2287 rapido
1028 2227 1163 2269 veneno
1196 2190 1315 2271 illitam

118 2322 274 2386 lancibus
298 2323 369 2386 eius
393 2325 568 2387 demisisse
592 2325 742 2387 creditur
767 2345 795 2387 e.
810 2345 843 2406 q.
857 2345 883 2386 s.

163 2441 363 2506 Admodum
398 2443 556 2506 intricata
587 2452 638 2506 est
672 2444 836 2518 narratio;
869 2444 988 2507 videor
1018 2452 1132 2507 tamen
1166 2445 1246 2507 mihi
1279 2466 1315 2507 re

116 2563 239 2626 iterum
264 2565 453 2645 iterumque
478 2564 655 2647 explorata
679 2566 819 2627 tandem
844 2566 1067 2647 perspexisse,
1091 2566 1118 2627 si
1145 2586 1212 2628 non
1233 2567 1314 2648 quid

116 2683 257 2746 Tacitus
277 2684 411 2760 doceat,
432 2692 467 2747 at
487 2693 579 2747 certe
599 2685 680 2766 quid
701 2683 831 2746 consilii
853 2684 896 2746 ab
918 2683 1109 2767 Agrippina
1126 2686 1169 2746 sit
1182 2686 1313 2748 initum.

119 2803 267 2866 Primum
300 2804 380 2867 lenti
409 2805 531 2866 veneni
563 2804 690 2867 lactum
719 2812 768 2866 est
792 2803 988 2886 periculum,
1014 2805 1075 2867 sed
1099 2805 1146 2866 ita
1170 2804 1251 2867 lenti
1277 2813 1313 2868 ut

118 2923 171 2985 vis
201 2923 272 2985 eius
301 2923 415 2987 statim
448 2922 480 3005 (i.
505 2941 534 2985 e.
558 2924 592 2986 in
617 2923 689 3004 ipsa
713 2923 833 3004 coena)
858 2932 973 3005 posset
999 2923 1145 3007 intellegi
1168 2924 1315 3006 (novicio

119 3040 287 3105 vocabulo
311 3053 528 3106 constateeren
552 3042 634 3105 illud
659 3043 801 3105 verbum
827 3051 877 3105 est
903 3043 1126 3124 vertendum).
1148 3042 1315 3125 Sperabat

119 3181 243 3243 nempe
265 3159 456 3243 Agrippina
476 3161 614 3243 eiusque
637 3161 789 3224 minister
809 3162 1025 3243 consopitum
1046 3162 1084 3223 iri
1105 3161 1163 3224 illo
1183 3182 1316 3225 veneno

119 3280 309 3355 Claudium,
334 3280 387 3343 vel
411 3279 639 3363 collapsurum
662 3301 752 3356 esse;
775 3301 843 3362 quo
865 3280 955 3344 lacto
975 3281 1009 3344 in
1030 3280 1221 3344 cubiculum
1243 3303 1316 3364 per·

117 3399 278 3463 ferendus
309 3408 398 3463 esset
430 3398 495 3475 ille,
520 3401 577 3463 ubi
603 3401 790 3482 exspiraret
815 3421 926 3482 neque
952 3399 1032 3463 dolo
1056 3401 1100 3463 ab
1124 3401 1197 3465 aliis
1221 3402 1316 3465 intel-

119 3521 211 3583 lecto
234 3538 345 3601 neque
370 3518 529 3583 facultate
553 3519 696 3584 Claudio
721 3521 802 3583 data
825 3521 869 3583 ad
890 3541 1040 3583 amorem
1062 3520 1120 3582 lilii
1142 3522 1315 3584 redeundi.

121 3638 300 3702 Praeterea
322 3639 370 3702 sic
394 3639 566 3702 vitabatur
588 3641 716 3704 invidia
730 3640 968 3724 praesentium,
990 3659 1093 3721 quam
1115 3639 1315 3722 Agrippina,

120 3779 198 3821 cum
223 3778 275 3821 res
298 3758 396 3822 aliter
419 3759 606 3834 cecidisset,
631 3759 825 3841 spernebat.
847 3759 895 3821 At
915 3759 996 3840 quid
1019 3755 1076 3820 fit?
1098 3757 1241 3840 Sperata
1261 3758 1317 3821 illa

120 3878 172 3941 vis
195 3898 257 3942 non
281 3877 492 3961 intelligitur,
516 3879 588 3941 sive
612 3881 705 3960 quod
730 3879 893 3952 convivae,
919 3877 976 3959 qui
1002 3875 1213 3960 Agrippinae
1238 3897 1317 3941 con·

119 3995 185 4059 silii
205 3997 299 4059 inscii
321 4006 427 4072 erant,
447 3999 596 4061 socordes
615 4007 693 4061 sunt
712 4007 746 4060 et
767 3996 849 4061 nihil
864 3998 991 4072 vident,
1005 3997 1076 4059 sive
1088 3999 1180 4078 quod
1195 4005 1316 4080 putant

122 4147 344 4158 -—--——

160 4209 187 4276 1)
205 4209 248 4258 Sic
272 4207 432 4304 appelegere
456 4208 544 4258 malim
570 4224 648 4274 quarn
672 4210 760 4259 boleto.
787 4209 817 4257 In
837 4210 927 4260 codice
946 4217 985 4260 est
1004 4211 1057 4259 cibo
1075 4212 1134 4275 leto,
1152 4209 1317 4259 hauddubie

118 4323 210 4365 natum
231 4328 259 4364 e:
278 4315 339 4363 cibo.

156 4401 236 4466 2)1n
260 4399 351 4450 codice
376 4407 415 4448 est
439 4400 588 4450 socordiane
610 4418 645 4450 an
666 4401 773 4450 Claudii
791 4399 819 4448 ni
837 4417 872 4450 on
892 4403 1044 4452 vinolentia.
1064 4403 1121 4466 Ego
1138 4400 1317 4452 tantummodo

120 4487 327 4553 dittographiam
337 4489 366 4539 oi
374 4506 409 4538 an
421 4489 494 4555 tollo,
504 4505 558 4540 non
569 4497 627 4539 ntor
633 4490 849 4555 transpositione:
859 4492 1007 4542 socordiane
1014 4492 1122 4540 Claudii
1126 4508 1161 4540 nn
1168 4490 1319 4540 vinolentia.

1161 4605 1176 4642 2
