3266 5238
890 443 950 504 128

368 623 434 703 „ibi
458 623 595 686 demum
619 623 794 705 cognoscit
818 623 985 686 sollertius
1008 623 1264 704 interrogatum,
1288 623 1443 704 quisnam
1466 621 1515 684 so·

320 752 382 818 ret,
407 744 532 806 dixisse
556 742 603 804 M.
629 742 744 806 Silano
770 743 921 825 genitum
946 751 980 805 et
1005 741 1120 805 multis
1143 751 1350 805 sectatorum
1375 741 1515 824 dilapsis

319 863 511 925 ascendisse
535 882 669 936 navem,
694 871 868 943 tamquam
893 860 1025 925 ltaliam
1051 860 1216 944 peteret”.

365 981 459 1064 QuiS,
492 1003 628 1064 quaeso,
661 981 829 1046 sollertius
858 983 1081 1064 impostorem
1106 979 1349 1063 interrogavit?
1373 979 1515 1062 opinor,

322 1102 537 1184 magistratus
555 1101 687 1184 aliquis,
708 1101 751 1164 ad
770 1121 872 1183 quem
892 1101 947 1164 ille
968 1100 1154 1182 prehensus
1169 1110 1205 1164 et
1217 1109 1376 1164 oneratus
1387 1099 1518 1162 catenis

323 1230 410 1284 esset
433 1222 611 1286 adductus.
637 1221 702 1304 Qui
728 1241 809 1303 ergo
833 1221 1036 1304 supplicium
1056 1219 1194 1303 effugit?
1214 1220 1301 1283 Illud
1322 1241 1403 1283 vero
1423 1221 1516 1302 quod

323 1343 413 1405 bisce
437 1343 592 1424 adiungit
615 1342 770 1406 Tacitus:

370 1462 599 1545 „Scripsitque
635 1461 720 1525 haec
754 1460 904 1536 Tiberio,
937 1481 1048 1544 neque
1080 1481 1142 1524 nos
1173 1461 1338 1542 originem
1370 1459 1517 1522 finemve

322 1583 393 1644 eius
417 1583 465 1644 rei
489 1582 576 1645 ultra
599 1580 847 1664 comperimus”

367 1702 468 1764 risum
490 1711 615 1777 movet,
635 1702 668 1762 in
691 1709 909 1782 mentemque
925 1709 1064 1764 revocat
1080 1701 1188 1776 nobis,
1205 1721 1292 1783 quae
1308 1700 1516 1783 lepidissime

322 1821 441 1886 Cicero
465 1822 539 1905 (pro
564 1821 678 1884 Caelio
703 1821 787 1902 §65)
813 1821 942 1885 iocatus
965 1830 1017 1885 est
1037 1822 1079 1884 de
1100 1823 1205 1885 mimo
1224 1823 1258 1885 in
1278 1841 1347 1902 quo
1368 1820 1518 1883 clausula

323 1962 391 2004 non
415 1942 594 2004 invenitur.
617 1941 755 2004 Naeuiis
775 1961 912 2023 quoque
932 1962 1113 2022 puerorum
1135 1951 1235 2024 aptae
1255 1949 1333 2004 sunt
1353 1940 1518 2004 obscurae

323 2061 488 2124 eiusmodi
509 2061 671 2142 exituque
692 2071 846 2124 carentes
867 2061 1146 2138 narratiunculae,
1168 2083 1235 2125 non
1255 2063 1348 2144 gravi
1365 2061 1520 2124 historia-

325 2202 398 2244 rum
423 2179 520 2243 libro.

370 2301 413 2363 A.
440 2301 500 2374 VI,
527 2317 555 2363 2.
586 2301 707 2364 Punito
732 2301 798 2384 iarn
824 2301 947 2366 Seiano
973 2302 1159 2384 punitaque
1183 2321 1289 2364 uxore
1313 2301 1384 2363 eius
1407 2300 1518 2374 Livia,

324 2429 439 2486 tamen
470 2429 653 2495 senatores,
685 2429 721 2482 ut
751 2420 879 2484 Tiberii
903 2422 1027 2484 inirent
1050 2423 1205 2504 gratiam,
1229 2431 1362 2485 atroces
1386 2421 1419 2483 in
1444 2420 1521 2484 illos

324 2540 542 2626 proferebant
565 2541 769 2604 sententias:

372 2660 589 2744 „Scipiones”
620 2660 666 2722 ait
698 2659 837 2724 Tacitus
873 2668 926 2740 „et
958 2659 1062 2724 Silani
1092 2669 1127 2723 et
1152 2659 1256 2724 Cassii
1280 2661 1388 2724 isdem
1411 2658 1518 2723 ferme

322 2791 381 2845 aut
405 2780 542 2864 paulum
567 2780 753 2844 immutatis
778 2779 890 2842 verbis
913 2781 1172 2843 adseveratione
1196 2779 1301 2844 multa
1321 2781 1518 2854 censebant,

325 2921 402 2964 cum
424 2909 564 2983 repente
583 2898 758 2982 Togonius
779 2897 904 2973 GalluS,
922 2899 1003 2962 dum
1016 2899 1264 2981 ignobilitatem
1279 2921 1372 2963 suam
1387 2901 1520 2982 magnis

325 3020 519 3083 nominibus
550 3020 676 3093 inserit,
708 3039 768 3101 per
800 3017 1022 3082 deridiculum
1046 3019 1191 3082 auditur.
1217 3019 1305 3084 Nam
1330 3020 1520 3103 principem

326 3140 446 3202 orabat
470 3138 618 3220 deligere
642 3147 825 3212 senatores
851 3159 895 3200 ex
918 3139 993 3219 quis
1013 3139 1131 3220 viginti
1152 3147 1242 3202 sorte
1264 3140 1356 3202 ducti
1377 3149 1411 3201 et
1431 3138 1521 3202 ferro

326 3259 479 3334 accincti,
512 3260 670 3340 quotiens
696 3259 822 3322 curiam
852 3259 979 3333 inisset,
1002 3258 1145 3322 salutem
1169 3261 1240 3322 eius
1264 3259 1522 3322 defenderent”.

373 3377 463 3462 Quid
498 3379 561 3442 sibi
599 3378 670 3442 vult
705 3379 769 3441 ista
802 3376 995 3462 oppositio?
1029 3379 1219 3462 Indignum,
1251 3379 1416 3464 prolecto,
1448 3389 1523 3444 erat

325 3500 556 3583 spectaculum
596 3499 749 3562 homines
783 3519 917 3561 summo
952 3498 1028 3561 loco
1064 3507 1163 3561 natos
1196 3508 1266 3564 tam
1301 3500 1436 3563 abiecta
1471 3500 1521 3562 uti

324 3620 536 3696 adulatione;
561 3628 596 3682 at
619 3619 646 3680 si
671 3618 774 3682 homo
799 3617 956 3700 ignobilis
980 3619 1070 3680 idem
1095 3617 1185 3694 facit,
1211 3619 1385 3702 aliquanto
1409 3621 1521 3682 minus

325 3742 501 3824 indignum
533 3739 571 3802 fit
599 3739 701 3801 idem.
727 3737 803 3800 Hoc
827 3746 942 3801 tamen
968 3738 1078 3800 minus
1101 3739 1204 3801 etiam
1230 3759 1248 3802 e
1271 3738 1381 3802 Taciti
1406 3739 1521 3802 verbis

326 3868 469 3944 apparet
493 3860 574 3941 quid
599 3857 729 3922 ridiculi
755 3856 910 3920 habuerit
934 3855 1080 3939 Togonii
1105 3860 1285 3922 sententia.
1312 3859 1432 3922 Melius
1456 3879 1520 3922 nos

327 3981 393 4043 Dio
425 3978 558 4043 Cassius
583 3980 648 4059 (58,
678 3977 727 4060 17)
752 3978 874 4040 edocet
898 3976 1130 4040 observando:
1159 3978 1225 4058 „sic
1250 3978 1459 4042 efficiebatur
1481 3988 1521 4040 ut

326 4101 489 4164 adversus
508 4099 614 4178 ipsum
634 4110 782 4160 senatum
803 4105 895 4160 tutus
916 4105 1004 4159 esset
1024 4096 1212 4160 Tiberius”.
1231 4098 1276 4161 Et
1292 4119 1421 4173 revera,
1432 4099 1522 4162 sicut

328 4221 394 4283 Dio
419 4217 551 4283 Cassius
575 4225 683 4278 totam
708 4216 794 4280 hanc
820 4237 891 4279 rem
915 4217 1030 4291 tradit,
1050 4219 1083 4280 in
1105 4238 1144 4280 ea
1164 4219 1245 4281 satis
1265 4219 1353 4282 inest
1373 4219 1522 4282 ridiculi:

327 4341 354 4401 is
374 4338 465 4400 enim
487 4356 603 4399 revera
622 4336 663 4399 ab
682 4337 751 4419 ipso
770 4349 884 4399 senatu
904 4337 1069 4401 decretum
1089 4357 1161 4400 esse
1178 4347 1292 4402 narrat
1304 4348 1342 4401 ut
1355 4339 1523 4401 eiusmodi

328 4457 532 4539 praesidium
563 4456 702 4519 Tiberio
733 4456 961 4538 praeberetur.
996 4455 1082 4532 Hoc,
1116 4465 1151 4520 ut
1183 4459 1314 4540 opinor,
1345 4457 1524 4522 ridiculum
