3228 5236
886 397 946 477 158

316 575 550 657 tissimumque
573 583 608 638 et
628 575 846 640 fortissimum
868 575 1044 640 consilium
1065 577 1130 639 isto
1150 575 1285 642 ambitio
1304 575 1339 638 in
1360 575 1516 638 dedecus

317 696 496 759 convertit.

363 815 424 890 VI,
447 817 501 894 48.
534 814 605 880 Sub
635 815 738 878 finem
767 817 894 880 Tiberii
922 817 1108 880 maiestatis
1131 824 1332 880 accusantur
1354 815 1417 879 Cn.
1443 815 1517 878 Do-

319 936 441 1010 mitius,
467 935 589 999 Vibius
615 937 755 1012 Marsus,
779 937 820 1000 L.
844 935 1038 1011 Arruntius,
1062 957 1207 1018 quorum
1232 935 1403 1000 Domitius
1426 934 1519 997 Mar-

316 1076 450 1138 susque,
475 1055 636 1138 quoniam
660 1056 744 1119 levis
767 1057 936 1138 quaedam
961 1057 1141 1132 etiamest
1162 1075 1240 1138 spes
1260 1055 1386 1132 salutis,
1409 1055 1520 1117 vitam

280 1243 285 1254 p
317 1176 521 1257 producunt,
545 1174 728 1238 Arruntius
752 1195 864 1240 moras
888 1184 1024 1240 nectere
1049 1196 1117 1238 non
1143 1175 1232 1239 vult:
1257 1175 1336 1238 forti
1355 1173 1522 1256 claroque

318 1296 390 1358 viro
422 1295 598 1377 indignum
630 1295 711 1358 illud
744 1297 881 1372 iudicat,
914 1305 958 1372 et,
992 1297 1084 1378 quod
1110 1296 1217 1359 maius
1241 1296 1345 1358 etiam
1370 1295 1520 1369 videtur,

320 1415 420 1499 plane
444 1415 579 1492 inutile;
605 1417 763 1498 denique,
788 1417 920 1480 etiamsi
947 1417 1063 1500 prosit,
1088 1417 1133 1502 in,
1147 1416 1250 1480 breve
1273 1415 1521 1479 tantummodo

319 1546 455 1619 tempus
478 1537 640 1619 prodesse
665 1557 764 1619 posse
789 1537 934 1600 iudicat:

368 1655 476 1737 ,Sane
496 1677 622 1738 paucos
643 1665 677 1719 et
697 1676 873 1739 supremos
893 1657 1054 1740 principis
1074 1657 1147 1720 dies
1168 1675 1268 1739 posse
1284 1655 1398 1718 vitari:
1413 1675 1518 1737 quem

319 1777 363 1840 ad
384 1777 524 1839 modum
545 1796 723 1839 evasurum
745 1777 953 1840 imminentis
973 1775 1165 1840 iuventam?
1186 1775 1255 1852 An,
1269 1797 1345 1839 cum
1359 1775 1521 1838 Tiberius

322 1904 399 1979 post
418 1903 549 1959 tantam
570 1896 816 1979 experientiam
837 1897 873 1960 oi
890 1897 1123 1961 dominationis
1141 1896 1313 1960 convulsus
1327 1907 1360 1960 et
1370 1906 1523 1959 mutatus

320 2017 375 2092 sit,
407 2015 444 2080 C.
476 2015 656 2080 Caesarem
687 2018 745 2080 vix
776 2017 872 2081 finita
903 2017 1057 2100 pueritia,
1090 2017 1244 2099 ignarum
1277 2017 1429 2080 omnium
1461 2023 1523 2078 aut

322 2135 476 2217 pessimis
498 2136 709 2210 innutritum,
736 2136 876 2199 meliora
899 2138 1144 2219 capessiturum
1155 2135 1188 2198 ?”

370 2253 435 2316 Hic
465 2252 657 2330 Arruntius,
682 2274 888 2337 quamquam
913 2276 954 2318 ne
978 2256 1051 2338 ipse
1075 2257 1214 2338 quidem
1240 2254 1317 2331 ulla,
1342 2254 1396 2317 vel
1421 2254 1524 2316 levis·

323 2373 418 2448 sima,
450 2373 549 2437 laude
579 2373 753 2437 Tiberium
778 2375 919 2456 dignum
942 2383 1069 2450 censet,
1093 2383 1207 2438 tamen
1233 2374 1316 2437 vitia
1339 2375 1411 2436 eius
1435 2394 1526 2456 quo-

324 2495 428 2557 modo
452 2503 530 2558 nata
555 2494 623 2556 sint
647 2494 817 2577 explicare
841 2495 966 2558 studet.
991 2493 1068 2577 Quo
1089 2495 1196 2577 magis
1217 2495 1338 2557 mirum
1359 2493 1523 2556 Tacitum

323 2613 433 2696 ipsum
465 2633 638 2695 nunquam
663 2633 704 2676 eo
729 2633 801 2676 esse
825 2614 1012 2676 adductum
1037 2622 1073 2677 ut
1097 2614 1293 2696 inquireret,
1317 2633 1405 2696 quae
1429 2623 1526 2677 esset

323 2742 438 2796 tantae
473 2733 650 2815 pravitatis
684 2741 787 2814 atque
818 2733 906 2795 adeo
938 2733 1159 2796 immanitatis
1191 2733 1288 2808 ratio,
1320 2752 1388 2815 qua
1420 2733 1524 2797 nobis

324 2853 537 2917 laborantem
562 2851 737 2916 Tiberium
762 2852 926 2935 depingit.
953 2852 1014 2915 Est
1039 2853 1069 2914 ei
1094 2852 1250 2916 Tiberius
1274 2854 1425 2916 omnium
1452 2853 1526 2918 lere

326 2973 485 3035 vitiorum
516 2971 786 3054 receptaculum:
818 2990 885 3053 qua
918 2972 972 3034 via
1003 2971 1060 3034 illa
1090 2973 1124 3034 in
1147 2953 1298 3035 animum
1323 2973 1394 3035 eius
1417 2973 1527 3056 irrep·

251 3169 255 3178 ι
326 3091 431 3154 serint
461 3091 638 3173 explorare
666 3092 875 3174 supersedet.
900 3091 1012 3155 Ceteri
1036 3090 1191 3154 homines
1215 3090 1420 3155 facinoribus
1443 3093 1527 3168 suis,

327 3211 482 3292 quamvis
505 3211 586 3273 diris
609 3219 712 3293 atque
732 3211 890 3285 cruentis,
911 3219 1026 3274 tamen
1046 3229 1181 3293 semper
1199 3219 1357 3293 spectant
1376 3210 1527 3294 aliquid:

327 3337 386 3392 aut
416 3330 635 3392 commodum
667 3329 873 3411 lucrumque,
906 3339 976 3405 aut,
999 3330 1026 3392 si
1051 3351 1093 3393 ne
1118 3330 1199 3393 illud
1224 3332 1375 3412 quidem,
1399 3333 1527 3397 saltem

327 3447 509 3524 ultionem;
533 3456 569 3511 at
592 3467 678 3530 quos
701 3447 839 3511 Tacitus
863 3450 1004 3512 odit-
1028 3457 1062 3512 et
1087 3451 1120 3511 in
1144 3469 1261 3513 eorum
1286 3471 1428 3514 numero
1454 3451 1528 3515 iere

326 3545 522 3651 primarium
554 3565 666 3631 locum
689 3575 784 3630 tenet
808 3566 1030 3630 Tiberius-
1054 3569 1254 3632 crudelitate
1278 3589 1338 3634 sua
1360 3571 1418 3634 uni
1445 3571 1527 3636 huic

327 3687 374 3750 rei
406 3688 487 3749 dare
515 3707 655 3769 operam
680 3686 856 3749 videntur:
881 3695 918 3748 ut
943 3687 1010 3749 sint
1034 3708 1135 3770 quam
1160 3689 1391 3753 crudelissimi.
1418 3691 1525 3776 Ergo,

328 3815 509 3889 postquam
541 3809 583 3870 de
611 3805 775 3870 Arruntio
800 3806 948 3869 narravit
972 3815 1144 3890 utcunque
1168 3808 1232 3871 sibi
1256 3809 1396 3892 aliisque
1422 3813 1527 3875 ratio-

328 3945 406 3988 nem
431 3927 597 3990 reddente
620 3927 702 4007 quid
721 3924 849 3988 Tiberii
871 3945 981 3989 mores
1002 3909 1089 3990 adeo
1109 3930 1297 4011 corruperit
1317 3938 1352 3992 et
1372 3951 1527 4013 pessum·

329 4046 473 4121 dederit,
493 4044 696 4126 simulatque
715 4045 783 4108 suis
802 4045 908 4107 utitur
928 4044 1040 4108 verbis
1059 4046 1103 4109 ad
1123 4067 1220 4110 suum
1237 4049 1325 4112 redit
1339 4050 1528 4131 ingenium,

329 4165 525 4246 Tiberiique
557 4183 632 4226 eam
664 4164 820 4246 depingit
847 4164 1040 4246 imaginem,
1072 4167 1105 4228 in
1137 4187 1205 4249 qua
1240 4169 1529 4254 ,psychologiae”

330 4306 373 4350 ne
396 4283 566 4347 levissima
591 4283 729 4364 quidem
752 4293 956 4366 agnoscatur
981 4285 1116 4349 umbra:

378 4403 532 4484 ,Morum
556 4421 693 4484 quoque
717 4411 873 4485 tempora
896 4401 942 4466 illi
964 4404 1113 4469 diversa:
1135 4409 1308 4490 egregium
1330 4409 1401 4473 vita
1421 4409 1527 4476 sama-
