3266 5238
687 438 743 501 131

115 599 371 663 defendendum
406 621 484 664 eum
515 609 634 665 contra
665 599 796 682 iniquas
827 601 1079 665 criminationes
1111 600 1311 684 conscripsit

115 719 315 782 Boissierius
334 717 366 801 ¹),
404 739 516 801 neque
550 719 676 783 infitior
712 721 770 782 vix
804 740 1011 803 quemquam
1041 730 1122 784 ante
1153 721 1311 784 Tacitum

114 847 189 902 tam
219 849 354 902 strenue
381 860 521 922 operam
546 839 680 902 dedisse
704 848 742 903 ut
765 841 958 904 communia
982 842 1184 924 scriptorum
1208 850 1311 924 atque

113 959 205 1021 adeo
228 959 404 1022 hominum
428 959 551 1023 vitaret
575 959 667 1022 vitia.
693 957 761 1024 Sed
786 961 820 1022 iu
845 980 911 1023 una
934 981 969 1022 re
990 981 1010 1024 a
1031 961 1209 1024 Boissierio
1231 960 1312 1023 mihi

114 1079 387 1142 dissentiendum
420 1080 537 1143 video:
568 1078 699 1161 singula
723 1100 878 1162 quaeque
902 1100 966 1162 ego
990 1081 1217 1144 examinanda
1240 1099 1312 1143 esse

113 1199 274 1274 arbitror,
309 1209 344 1262 et
378 1199 405 1262 si
437 1219 504 1280 qua
535 1219 588 1262 res
619 1208 754 1263 narrata
785 1209 843 1264 aut
874 1201 948 1283 ipsa
978 1201 1184 1264 incredibilis
1214 1200 1313 1264 nobis

113 1319 284 1393 videatur,
316 1328 375 1381 aut
404 1317 515 1382 Taciti
546 1320 694 1382 narratio
724 1319 842 1382 vitium
874 1328 1002 1402 crepet,
1035 1319 1246 1383 confidenter
1277 1320 1312 1382 id

113 1437 219 1499 nobis
249 1457 322 1500 esse
353 1438 652 1520 pronuntiandum,
685 1447 719 1502 et
749 1459 860 1521 neque
885 1440 988 1522 ipsius
1012 1439 1133 1515 Taciti,
1158 1439 1313 1521 quamvis

112 1557 233 1638 magni
253 1577 331 1620 eum
348 1556 520 1633 faciamus,
538 1559 787 1635 auctoritatem,
806 1579 916 1641 neque
935 1559 1088 1624 Suetonii
1101 1579 1314 1635 consensum,

112 1696 231 1759 neque
263 1678 449 1760 quidquam
480 1699 524 1741 ex
555 1678 620 1741 hoc
644 1698 769 1760 genere
792 1685 922 1741 tantam
947 1677 1073 1741 habere
1097 1678 1165 1741 vim
1187 1679 1313 1743 debere

110 1805 153 1858 ut
180 1795 223 1858 de
246 1796 385 1879 singulis
407 1799 490 1881 quid
514 1817 711 1861 censeamus
735 1817 910 1861 vereamur
934 1797 1101 1880 proloqui.

165 1917 238 1979 Iam
261 1918 344 1980 vitia
366 1919 535 2001 quaedam
560 1918 669 1981 Taciti
694 1919 727 1980 in
753 1919 1036 2000 praecedentibus
1057 1918 1111 1980 hic
1133 1918 1198 1982 illic
1218 1927 1314 1982 nota·

112 2038 241 2100 vimus.
273 2037 430 2100 Vidimus
461 2057 539 2101 eum
571 2039 675 2100 modo
707 2039 756 2121 (ut
778 2037 893 2120 lepida
917 2037 972 2101 hic
997 2045 1072 2101 utar
1096 2039 1315 2122 inscriptione

113 2179 188 2240 qua
221 2157 375 2221 Naberus
407 2157 577 2240 egregiam
609 2158 699 2221 illam
731 2159 774 2220 de
799 2158 871 2222 Silii
897 2159 1167 2241 Messalinaeque
1191 2161 1317 2244 nuptiis

115 2277 389 2360 disputationem
421 2278 610 2351 exornavit,
643 2277 768 2340 Mnem.
798 2279 881 2360 1892
903 2298 935 2360 p.
956 2295 1024 2357 410
1042 2279 1129 2362 sqq.)
1158 2279 1315 2360 ,fluctum

114 2399 155 2460 in
187 2397 334 2479 simpulo
363 2394 541 2471 movisse”,
567 2396 648 2458 dum
673 2417 691 2458 e
715 2397 842 2479 nuptiis
865 2396 1089 2460 theatralibus
1113 2417 1209 2462 veras
1233 2419 1317 2482 nup·

114 2519 196 2592 tias,
228 2516 283 2579 vel
314 2537 333 2579 e
363 2517 542 2579 doctorum
571 2516 881 2580 iurisconsultorum
907 2516 1156 2599 disceptatione
1178 2538 1317 2601 gravem

115 2644 260 2702 senatus
290 2635 417 2699 faceret
448 2634 740 2710 deliberationem,
773 2636 826 2699 vel
857 2637 1004 2718 denique
1028 2657 1145 2700 causas
1169 2637 1318 2719 privatas

114 2779 138 2821 a
165 2757 274 2820 causis
298 2754 442 2839 publicis
465 2774 534 2817 non
558 2755 639 2817 satis
663 2763 819 2818 accurate
843 2755 1033 2832 dirimeret;
1056 2755 1159 2818 modo
1180 2755 1319 2818 remita

117 2895 285 2951 narrasse,
309 2883 347 2938 ut
371 2875 462 2956 quod
488 2873 521 2936 in
546 2894 587 2936 ea
610 2874 749 2937 maximi
773 2873 872 2937 fuerit
897 2874 1062 2937 momenti
1082 2874 1218 2938 latuisse
1239 2894 1317 2937 eum

117 2997 212 3061 ultro
242 3002 425 3078 appareat;
450 2995 554 3056 modo
577 2993 729 3067 locorum
753 2994 854 3056 situm
878 2994 968 3057 haud
993 2995 1074 3057 satis
1098 2995 1318 3078 in'promptu

118 3115 281 3180 habuisse
289 3141 296 3191 ;
324 3115 428 3176 modo
452 3113 550 3176 alicui
574 3113 621 3176 ita
645 3112 766 3177 lavisse
790 3121 827 3176 ut
851 3114 1038 3196 quidquam
1059 3115 1102 3178 ab
1123 3114 1180 3177 illo
1201 3116 1318 3179 crude·

117 3237 210 3312 liter,
234 3233 422 3316 quidquam
446 3233 549 3296 stulte
573 3232 700 3296 factum
724 3253 797 3295 esse
822 3252 890 3296 non
914 3242 1131 3316 agnosceret;
1157 3236 1262 3299 modo
1285 3235 1319 3298 in

117 3354 319 3420 auctoribus
353 3352 506 3435 legendis
542 3372 600 3415 eos
631 3352 839 3416 commisisse
871 3373 1000 3417 errores
1031 3375 1116 3436 quos
1147 3375 1190 3417 ue
1221 3354 1320 3418 nobis

117 3475 264 3556 quidem
289 3473 456 3555 corrigere
480 3473 665 3536 admodum
690 3473 733 3535 sit
756 3472 903 3536 difficile.

171 3593 271 3656 Nunc
301 3602 416 3656 autem
448 3593 491 3655 de
522 3593 645 3655 eodem
672 3600 873 3674 argumento
897 3593 945 3654 ita
968 3591 1141 3673 disputare
1164 3590 1259 3654 lubet
1283 3599 1320 3653 ut

120 3731 269 3795 magnus
292 3711 424 3775 illorum
448 3731 606 3774 numerus
627 3711 669 3775 ad
690 3719 783 3774 certa
803 3710 975 3792 redigatur
993 3729 1127 3790 genera.
1148 3708 1266 3790 Atque
1286 3709 1319 3772 in

119 3834 190 3895 hac
220 3851 257 3894 re
288 3830 360 3914 ipse
391 3831 597 3906 Boissierius,
622 3851 734 3912 quem,
760 3838 796 3892 ut
820 3849 880 3911 par
905 3836 966 3903 est,
991 3836 1026 3891 et
1049 3828 1105 3890 hic
1128 3835 1163 3891 et
1185 3847 1321 3910 semper

119 3951 266 4016 honoris
289 3970 389 4013 causa
413 3950 563 4024 nomin0,
588 3949 722 4012 initium
746 3949 827 4011 mihi
852 3947 1041 4031 praebebit.

173 4069 382 4133 Historicum
402 4077 554 4133 nostrum
571 4069 723 4151 legentes
739 4067 911 4131 interdum
926 4069 1098 4133 rhetorum
1113 4067 1320 4150 agnoscimus

118 4187 372 4272 discrpulum²l
406 4189 590 4270 Nunquam
621 4197 737 4252 tamen
764 4187 887 4250 certius
911 4187 1004 4250 illum
1027 4187 1201 4249 rhetorum
1224 4185 1322 4248 disci·

165 4355 243 4422 r)1n
264 4357 371 4420 „Revue
389 4355 415 4404 d.
434 4353 503 4404 deux
522 4353 636 4403 Mondes
654 4354 686 4403 de
708 4363 738 4418 15
760 4354 822 4419 Mai,
845 4363 875 4418 15
895 4353 992 4418 luillet,
1014 4365 1024 4401 1
1046 4352 1191 4400 Decembre
1204 4349 1297 4416 1901''.

161 4441 196 4510 2)
214 4443 299 4508 Ipsius
318 4441 452 4492 Boissierii
470 4442 549 4490 verba
568 4449 628 4490 sunt
650 4439 758 4504 ,l'eleve
777 4441 824 4490 des
842 4440 959 4490 rheteurs
977 4436 1115 4504 reparait'’.

244 4639 270 4666 -Ι
