3248 5230
847 1375 941 1437 XIX.

518 1641 569 1690 AD
596 1641 795 1692 HISTORIAS
820 1641 1113 1692 ANNOTATIONES
1138 1640 1290 1690 VARlAE.

354 1865 401 1929 H.
427 1867 451 1941 I,
483 1885 529 1947 13.
561 1865 756 1942 Causarum,
781 1887 840 1929 cur
862 1866 1036 1930 Othonem
1061 1867 1225 1948 adoptare
1251 1863 1360 1928 Galba
1384 1862 1501 1937 nollet,

310 1994 343 2048 et
376 1986 463 2048 hanc
496 1985 596 2048 luisse
623 2006 723 2048 unam
747 2007 783 2048 se
806 1987 939 2050 credere
960 1986 1099 2049 Tacitus
1122 1985 1300 2068 significat,
1324 1983 1417 2065 quod
1443 2003 1503 2065 pa-

311 2124 383 2166 rum
409 2125 427 2166 e
459 2104 632 2187 republica
665 2113 801 2187 putaret
831 2105 935 2168 talem
966 2108 996 2168 ei
1029 2105 1218 2187 relinquere
1253 2121 1502 2166 successorem:

273 2307 278 2316 .
314 2224 435 2301 ,credo
459 2232 493 2286 et
518 2224 722 2306 reipublicae
746 2245 861 2288 curam
885 2225 1024 2300 subisse,
1050 2224 1170 2288 frustra
1193 2245 1213 2287 a
1238 2223 1374 2286 Nerone
1394 2229 1503 2284 trans·

309 2341 408 2416 latae,
440 2343 466 2404 si
498 2345 589 2425 apud
621 2343 794 2408 Othonem
827 2341 1105 2426 relinqueretur.'’
1137 2343 1233 2406 Haec
1265 2341 1369 2424 ipsius
1390 2340 1506 2403 Taciti

310 2461 415 2524 verba
449 2469 537 2524 sunt.
573 2461 695 2525 Altera
725 2482 835 2537 causa,
867 2463 910 2525 de
942 2482 1009 2544 qua
1041 2483 1108 2525 non
1139 2463 1254 2526 credat
1283 2461 1410 2542 aliquid
1441 2461 1505 2522 sed

311 2591 488 2662 comperta
519 2601 554 2644 se
586 2583 720 2645 tradere
751 2591 845 2645 certo
877 2584 971 2657 sciat,
1003 2583 1087 2645 haec
1118 2590 1169 2644 est
1200 2583 1293 2663 quod
1319 2581 1412 2644 Vinii
1441 2599 1509 2661 pro

312 2701 450 2765 Othone
471 2699 614 2764 artificia
633 2701 742 2764 Galba
762 2702 990 2784 perspexerit:
1015 2722 1145 2783 ,neque
1162 2709 1234 2764 erat
1247 2700 1375 2764 Galbae
1389 2701 1510 2783 ignota

312 2820 459 2885 Othonis
479 2841 518 2882 ac
538 2820 607 2882 Titi
629 2820 722 2883 Vinii
743 2820 924 2884 amicitia.”
949 2820 1016 2885 Sed
1038 2827 1072 2883 et
1092 2821 1193 2883 tertia
1212 2838 1313 2882 causa
1337 2819 1511 2901 quaedam

312 2938 384 3014 suit,
411 2959 499 3020 quae
521 2939 676 3016 Galbam,
696 2959 812 3003 senem
835 2960 1004 3002 morosum
1025 2948 1060 3002 et
1079 2940 1241 3002 adversus
1261 2959 1412 3002 rumores
1431 2959 1512 3020 per-

312 3059 470 3132 tinacem,
502 3057 691 3140 impelleret
722 3067 758 3122 ut
782 3060 829 3121 sic
853 3079 967 3122 secum
992 3059 1202 3140 loqueretur:
1230 3066 1284 3138 ,at
1308 3077 1372 3139 ego
1397 3057 1430 3119 id
1454 3057 1511 3138 ip-

254 3257 259 3262 ·
313 3197 397 3250 sum,
433 3177 525 3256 quod
562 3196 616 3238 me
651 3175 817 3239 facturum
853 3178 1080 3241 vaticinantur
1115 3178 1221 3259 ine'pti
1252 3175 1306 3239 isti
1337 3175 1510 3250 homines,

314 3316 485 3377 nunquam
511 3294 664 3357 laciam.”
689 3295 815 3358 Totum
840 3295 949 3358 Taciti
974 3297 1085 3359 locum
1108 3295 1174 3358 huc
1198 3296 1424 3378 pertinentem
1445 3313 1511 3356 ex-

313 3415 469 3490 scribam,
501 3415 548 3477 ita
580 3415 736 3489 divisum,
769 3423 805 3477 ut
837 3435 949 3490 nem0,
980 3416 1037 3496 qui
1070 3435 1157 3496 quae
1189 3414 1244 3476 hic
1272 3412 1511 3496 praemiserim

313 3536 443 3618 legerit,
476 3533 545 3597 ullo
577 3535 680 3596 modo
713 3532 869 3597 dubitare
901 3535 1017 3616 possit,
1049 3534 1130 3616 quin
1157 3554 1274 3597 causae
1296 3532 1342 3595 ibi
1368 3551 1512 3596 enume-

316 3662 441 3729 rentur,
473 3673 561 3735 quae
593 3653 636 3716 ab
669 3651 807 3716 Othone
832 3661 983 3715 mentem
1008 3649 1136 3715 Galbae
1161 3652 1215 3715 vel
1238 3651 1515 3716 abalienaverint

316 3773 369 3836 vel
393 3781 484 3836 certe
508 3773 700 3836 abalienare
726 3773 915 3854 potuerint:

359 3914 390 3955 a.
418 3893 537 3974 Neque
555 3902 627 3955 erat
648 3892 777 3955 Galbae
798 3893 916 3974 ignota
936 3891 1082 3955 Othonis
1094 3910 1134 3953 ac
1147 3891 1228 3953 Titii
1243 3891 1334 3954 Vinii
1347 3891 1514 3955 amicitia.

359 4011 387 4074 b.
413 4011 459 4074 Et
483 4011 673 4074 rumoribus
697 4009 779 4073 nihil
804 4011 938 4074 silentio
961 4011 1273 4085 transmittentium,
1298 4011 1378 4092 quia
1401 4008 1514 4074 Vinio

317 4130 417 4193 vidua
442 4129 518 4205 filia,
544 4129 678 4192 caelebs
702 4127 805 4204 Otho,
829 4151 933 4212 gener
957 4150 996 4192 ac
1021 4150 1117 4193 socer
1141 4129 1408 4192 destinabantur.

359 4271 384 4312 c.
417 4248 528 4312 Credo
561 4256 594 4310 et
625 4248 831 4330 reipublicae
863 4270 977 4313 curam
1008 4251 1148 4325 subisse,
1180 4248 1300 4311 frustra
1323 4269 1343 4312 a
1368 4248 1509 4312 Nerone

316 4368 507 4442 translatae,
532 4367 558 4428 si
582 4369 672 4450 apud
697 4367 870 4431 Othonem
897 4370 1150 4451 relinqueretur.
