3266 5238
674 509 714 576 95

91 670 281 735 Octaviam.
312 671 415 734 Exim
442 671 522 736 laeti
547 671 752 754 Capitolium
776 674 945 737 scandunt
969 673 1119 755 deosque
1145 673 1286 736 tandem

91 800 305 854 venerantur.
338 791 477 872 Effigies
507 791 687 874 Poppaeae
717 800 891 874 proruunt,
925 790 1088 855 Octaviae
1122 793 1286 874 imagines

88 917 227 990 gestant
259 911 382 973 umeris
412 930 442 972 e.
459 931 492 992 q.
510 909 569 972 s.'’.
598 909 654 975 Sic
679 912 790 974 codex
799 939 806 987 ;
833 911 1062 994 Nipperdeius
1086 932 1147 995 pro
1171 932 1284 993 quam·

87 1050 189 1111 quam
220 1029 302 1112 legit
330 1042 511 1112 tamquam,
537 1051 598 1113 pro
622 1032 790 1094 revocavit
812 1033 980 1094 revocarit
1003 1041 1036 1093 et
1061 1040 1138 1114 post
1162 1031 1215 1094 iiis
1238 1032 1284 1093 la·

86 1167 198 1210 cunae
219 1150 316 1231 ponit
335 1149 467 1231 signum
477 1176 485 1225 ;
507 1149 680 1225 hactenus
699 1157 735 1211 ut
752 1151 883 1232 opinor,
900 1150 1096 1212 rectissime.
1111 1148 1178 1213 Sed
1192 1149 1284 1231 quod

86 1266 246 1330 lacunam
279 1268 370 1330 illam
403 1268 454 1330 his
485 1268 553 1331 sere
586 1267 697 1332 verbis
727 1268 953 1352 supplendam
988 1269 1123 1332 statuit:
1156 1268 1286 1331 vocibus

84 1388 280 1470 supervenit
312 1389 422 1452 inanis
456 1409 582 1463 rumor,
620 1387 688 1450 salli
720 1389 854 1452 videtur
885 1389 935 1452 vir
967 1387 1284 1472 praestantissimus.

87 1507 263 1588 Equidem
294 1509 460 1570 eiusmodi
492 1509 619 1589 aliquid
652 1509 825 1572 desidero:
858 1507 1013 1591 Poppaea
1041 1508 1094 1571 liis
1120 1508 1285 1590 questibus

79 1638 240 1708 permota
261 1648 429 1690 rumorem
442 1639 507 1708 per
526 1629 671 1690 homines
690 1627 753 1690 sibi
770 1628 896 1692 deditos
913 1628 1051 1710 sparsit.
1069 1627 1158 1690 Nam
1171 1629 1286 1690 omnia

85 1765 179 1826 quae
203 1747 327 1809 deinde
352 1745 437 1810 fiunt
460 1747 640 1829 Poppaeae
664 1746 748 1810 fiunt
769 1747 947 1809 instinctu:
970 1746 1025 1809 illa
1045 1748 1159 1809 statim
1180 1747 1287 1809 turbis

83 1864 155 1926 illis
186 1865 220 1928 in
252 1865 417 1928 honorem
449 1865 614 1929 Octaviae
641 1867 743 1929 motis
766 1865 917 1928 abutitur
939 1866 982 1929 ad
1009 1864 1188 1929 Octaviam
1214 1887 1287 1949 per·

84 1985 251 2047 dendam.
276 1983 366 2066 Quid
391 2006 472 2067 ergo
496 1985 707 2049 verisimilius
732 2006 834 2067 quam
858 1986 949 2069 ipsas
969 2006 1106 2068 quoque
1126 1986 1198 2049 illas
1219 1995 1287 2049 tur·

85 2105 153 2167 bas
177 2104 356 2187 Poppaeae
382 2103 462 2168 dolo
485 2103 672 2168 excitatas?
696 2106 829 2169 Territa
852 2106 1028 2187 questibus
1052 2126 1178 2182 eorum,
1201 2127 1287 2189 quos

83 2221 256 2286 Octaviae
281 2224 473 2300 miserebat,
498 2245 538 2287 ea
560 2225 722 2301 struebat,
743 2245 830 2306 quae
850 2226 978 2289 Neroni
999 2246 1135 2308 quoque
1158 2236 1286 2290 metum

84 2351 206 2407 essent
237 2344 417 2407 iniectura:
450 2344 633 2427 spargebat
662 2365 833 2407 rumorem
865 2346 907 2408 de
940 2346 1083 2411 Octavia
1115 2356 1284 2422 revocata,

84 2463 283 2545 intelligens
313 2473 386 2527 tum
415 2466 552 2528 demum
576 2473 732 2547 apertum
758 2463 828 2528 iore
853 2465 969 2547 populi
994 2465 1027 2528 in
1051 2487 1086 2528 se
1111 2466 1226 2529 odium
1251 2475 1286 2529 et

84 2603 173 2664 erga
197 2580 377 2646 Octaviam
401 2582 563 2646 favorem.

134 2699 182 2764 A.
203 2700 281 2776 XV,
303 2716 354 2782 50.
375 2702 560 2784 Postquam
580 2702 729 2766 narravit
749 2704 806 2783 qui
827 2702 951 2766 fuerint
971 2704 1100 2766 Pisonis
1114 2703 1239 2767 conscii
1252 2713 1287 2768 et

83 2821 174 2903 quid
201 2839 259 2882 eos
282 2821 326 2883 ad
351 2827 484 2884 tantum
509 2820 636 2885 facinus
661 2822 856 2886 audendum
881 2823 1063 2905 impulerit,
1088 2825 1135 2886 sic
1159 2825 1287 2907 pergit:

138 2939 205 3020 „Et
236 2940 367 3023 cepisse
397 2941 563 3023 impetum
595 2938 737 3003 Subrius
760 2940 886 3004 Flavus
911 2939 1081 3005 ferebatur
1103 2942 1138 3004 in
1162 2961 1286 3006 scaena

81 3068 270 3124 canentem
296 3060 469 3123 Neronem
492 3060 724 3142 aggrediendi,
748 3069 806 3123 aut
830 3081 908 3156 cum
932 3062 1074 3125 ardente
1099 3061 1202 3126 domo
1227 3084 1287 3145 per

84 3189 228 3244 noctem
260 3181 325 3243 huc
357 3180 435 3243 illuc
467 3190 616 3245 cursaret
648 3181 884 3245 incustoditus,
917 3180 982 3244 Hic
1015 3184 1149 3247 occasio
1172 3183 1287 3247 solitu-

81 3302 188 3376 dinis,
220 3300 268 3363 ibi
300 3301 372 3383 ipsa
402 3300 593 3383 frequentia
624 3301 709 3363 tanti
741 3301 874 3364 decoris
905 3302 1001 3364 testis
1018 3301 1285 3384 pulcherrimum

79 3420 242 3484 animum
269 3419 581 3495 exstimulaverant‚
610 3419 672 3483 nisi
697 3419 910 3502 impunitatis
932 3422 1058 3504 cupido
1083 3423 1284 3498 retinuisset,

80 3539 223 3620 magnis
246 3557 382 3621 semper
405 3539 584 3602 conatibus
609 3537 784 3602 adversa”.

133 3657 201 3720 Pro
227 3658 497 3741 pulcherrimum
533 3655 720 3722 Urlichsius
747 3657 981 3740 pulcherrima
1012 3656 1104 3739 legit,
1137 3656 1282 3721 Orellius

78 3777 195 3860 (quod
228 3784 399 3859 praestare
430 3775 577 3858 videtur)
598 3775 865 3858 pulcherrimum
888 3774 937 3837 ad
950 3776 1100 3858 facinus.
1125 3773 1191 3838 Sed
1219 3775 1283 3838 hoc

78 3897 226 3960 mittere
244 3915 432 3977 possumus,
453 3895 496 3958 de
516 3895 637 3957 ceteris
657 3895 842 3957 videamus.
861 3892 1007 3956 Primum
1026 3913 1152 3975 quaero
1170 3913 1282 3956 nonne

77 4033 153 4100 pro
177 4015 358 4096 ferebatur
381 4013 563 4096 legendum
587 4014 629 4076 sit
647 4016 786 4096 fertur:
811 4012 1009 4074 incredibile
1034 4013 1124 4075 enim
1149 4013 1283 4075 videtur

76 4154 150 4220 per
191 4133 359 4214 integrum
396 4152 522 4195 annum
563 4132 768 4195 incolumem
804 4129 903 4192 luisse
940 4130 1093 4206 Flavum,
1128 4132 1283 4212 quamvis

74 4252 255 4319 eiusmodi
275 4252 318 4315 de
338 4271 381 4314 eo
401 4261 514 4315 essent
533 4271 684 4315 rumores
705 4250 757 4313 vel
779 4251 866 4312 inter
886 4251 1048 4313 conscios.
1070 4250 1147 4313 Hoc
1167 4259 1282 4313 tamen

75 4393 127 4437 ex
156 4369 455 4434 exstimulaverant
478 4391 539 4453 pro
564 4379 659 4433 certo
683 4369 815 4432 efficere
837 4387 1015 4448 possumus
1034 4369 1100 4430 iam
1122 4369 1203 4431 satis
1224 4368 1281 4430 diu

74 4499 170 4556 ante
202 4487 283 4550 illud
313 4497 448 4570 tempus
476 4491 510 4552 in
535 4509 577 4553 eo
601 4488 701 4551 fuisse
726 4486 882 4548 Flavium
907 4496 944 4549 ut
968 4486 1140 4550 Neronem
1164 4506 1284 4570 aggre-
