3016 5520
825 338 888 388 202
945 352 952 363 ·

261 502 442 564 verborum
462 501 549 564 nihil
565 501 657 564 sede
669 501 745 586 filio
764 503 905 577 credere,
926 502 1049 584 quibus
1061 502 1235 579 adhaeret,
1250 507 1462 586 pessumdat,

259 622 389 685 auctori
412 641 474 684 suo
498 621 681 685 reddimus.

306 741 349 803 A.
375 740 470 814 XIV,
498 756 549 823 27.
574 740 756 820 „Veterani
777 740 962 805 Tarentum
983 751 1018 804 et
1038 740 1182 805 Antium
1205 744 1375 827 adscripti
1397 765 1461 809 nou

258 871 377 924 tamen
402 860 648 941 infrequentiae
671 860 823 924 locorum
846 862 1053 936 subvenere,
1078 861 1219 945 dilapsis
1244 864 1403 946 pluribus
1427 867 1459 928 in

263 981 464 1065 provincias,
490 982 523 1042 in
548 980 670 1061 quibus
693 982 863 1063 stipendia
887 981 1127 1063 expleverant,
1154 1002 1268 1064 neque
1293 985 1461 1067 coniugiis

260 1102 484 1183 suscipiendis
515 1121 626 1182 neque
656 1101 786 1163 alendis
817 1101 931 1165 liberis
960 1102 1046 1165 sueti
1078 1102 1180 1166 orbas
1211 1104 1339 1168 domos
1363 1105 1460 1168 relin-

259 1220 444 1303 quebant.”

304 1342 423 1404 Risum
444 1349 559 1403 movet
579 1340 671 1421 quod
692 1341 725 1403 in
738 1342 857 1404 codice
869 1349 947 1423 post
960 1340 1059 1405 orbas
1069 1341 1210 1424 legiturz
1223 1343 1459 1427 simposteris,

257 1469 433 1541 tamquam
453 1461 480 1522 si
503 1479 650 1540 unquam
664 1460 842 1542 quisquam
855 1468 1010 1542 posteros
1022 1481 1102 1524 suos
1113 1463 1305 1544 conspiciat
1320 1464 1459 1527 domive

258 1579 443 1661 relinquat!

305 1698 350 1762 A.
385 1698 482 1773 XIV,
521 1712 571 1780 35.
608 1698 788 1772 Boudicca,
824 1698 1002 1762 Icenorum
1039 1700 1165 1782 regina,
1201 1709 1236 1764 et
1267 1701 1337 1765 alia
1368 1704 1459 1785 apud

261 1819 454 1882 Britanniae
485 1818 641 1881 civitates
671 1818 714 1879 de
747 1818 979 1881 Romanorum
1012 1819 1213 1883 crudelitate
1237 1823 1462 1903 conqueritur

258 1948 293 2002 et
317 1939 418 2002 haec:

310 2057 382 2136 „Eo
414 2065 594 2139 provectas
627 2057 858 2119 Romanorum
892 2057 1108 2139 cupiditates,
1140 2068 1177 2121 ut
1209 2079 1279 2122 non
1304 2080 1461 2144 corpora,

260 2196 303 2239 ne
323 2184 497 2239 senectam
518 2177 655 2257 quidem
678 2186 736 2239 aut
756 2166 986 2258 virginitatem
1003 2176 1216 2259 impollutam
1230 2180 1461 2262 relinquant.”

301 2296 462 2358 Facessat
495 2296 573 2358 hinc
606 2297 837 2378 importunum
869 2297 958 2360 istud
983 2292 1220 2378 non'corpora,
1244 2302 1341 2381 quod
1368 2302 1460 2365 nulla

257 2416 388 2477 ratione
413 2414 561 2489 defendi,
587 2415 685 2477 nullis
708 2415 848 2497 argutiis
872 2417 1024 2478 excusari
1050 2426 1175 2498 potest.

302 2534 346 2598 A.
371 2535 450 2611 XV,
475 2552 505 2617 7.
530 2534 645 2609 Pactu,
671 2535 807 2597 iamiam
832 2534 958 2597 bellurn
982 2555 1059 2597 curn
1084 2535 1217 2599 Parthis
1239 2538 1457 2616 inchoatum,

257 2655 366 2718 tristia
390 2665 425 2718 et
449 2655 514 2717 alia
538 2654 624 2717 fiunt
647 2656 762 2717 omina
785 2664 820 2717 et
845 2655 927 2717 hoc:

304 2774 394 2854 ,Pila
427 2774 571 2836 militum
602 2793 722 2849 arsere,
756 2774 863 2855 magis
895 2774 1016 2855 insigni
1048 2775 1217 2857 prodigio,
1242 2776 1323 2857 quia
1350 2779 1458 2842 hostis

256 2893 437 2956 missilibus
460 2894 536 2956 telis
560 2892 746 2956 decertat.”

300 3012 463 3094 Indignus
483 3012 637 3094 proiecto
658 3013 714 3093 qui
735 3011 892 3074 Tacitum
912 3012 1003 3093 legat
1023 3013 1051 3073 is
1071 3022 1133 3087 est,
1154 3014 1213 3094 qui
1235 3013 1290 3077 hic
1312 3019 1458 3098 requirit

254 3133 357 3195 etiam
382 3132 457 3214 quis
479 3133 522 3194 sit
547 3131 653 3194 hostis
676 3131 748 3207 ille;
775 3140 889 3193 tamen
914 3132 947 3193 in
972 3131 1102 3206 codice,
1127 3151 1205 3194 cum
1230 3133 1337 3214 ipsius
1364 3136 1459 3199 Lati·

255 3252 371 3315 nitatis
394 3251 601 3314 detrimento
626 3250 764 3332 legitur:
792 3251 871 3331 quia
894 3249 1049 3313 Parthus
1071 3250 1180 3314 hostis
1204 3272 1233 3314 e.
1247 3272 1280 3333 q.
1295 3252 1347 3315 s”

299 3372 342 3435 A.
368 3371 445 3446 XV,
472 3387 523 3453 23.
549 3370 732 3450 „Memmio
752 3368 885 3451 Regulo
905 3380 940 3432 et
960 3369 1124 3452 Verginio
1146 3371 1236 3433 Ruso
1257 3375 1459 3439 consulibus

256 3501 370 3555 natam
399 3492 461 3555 sibi
494 3512 536 3553 ex
569 3492 729 3574 Poppaea
760 3490 865 3552 filiam
890 3489 982 3552 Nero
1007 3490 1094 3553 ultra
1120 3492 1263 3555 mortale
1288 3497 1457 3574 gaudium

253 3615 451 3695 accepit...
486 3612 598 3675 Locus
628 3611 809 3693 puerperio
840 3606 998 3696 [colonia]
1031 3610 1176 3673 Antium
1200 3611 1273 3686 fuit,
1296 3614 1355 3676 ubi
1382 3618 1456 3699 ipse

252 3743 434 3816 generatus
457 3732 562 3796 erat.’'

299 3851 403 3917 Suam
426 3853 489 3915 sibi
516 3852 640 3915 habeat
664 3850 854 3914 doctrinam
875 3849 1091 3931 magistellus,
1113 3870 1192 3913 narn
1215 3872 1318 3914 nemo
1339 3855 1454 3937 legen·

253 3975 348 4048 tium,
382 3973 439 4054 qui
472 3972 611 4052 quidem
642 3992 709 4034 non
742 3972 785 4033 sit
815 3971 966 4033 adversis
999 3971 1105 4033 Musis
1136 3980 1246 4047 natus,
1279 3974 1336 4036 hic
1368 3978 1454 4039 scire

253 4095 346 4175 cupit
371 4110 440 4173 quo
464 4091 534 4151 iure
558 4091 658 4153 iuerit
682 4091 858 4173 oppidum,
883 4091 916 4153 in
942 4110 1010 4172 quo
1035 4099 1115 4153 nata
1139 4091 1182 4154 sit
1204 4091 1354 4156 Neronis
1376 4095 1452 4169 filia,

254 4219 521 4294 propterquam
547 4208 602 4271 ille
626 4218 805 4290 tantopere
830 4209 1060 4273 exsultaverit.

298 4327 341 4388 A.
368 4325 445 4399 XV,
472 4343 522 4407 25.
548 4328 642 4390 Bello
666 4349 742 4392 cum
769 4329 900 4392 Parthis
923 4331 1074 4412 gerendo
1099 4331 1239 4393 tandem
1264 4332 1452 4415 aliquando
