3228 5236
903 483 966 544 228

316 659 574 742 destinavisse,
608 669 644 722 ut
676 668 752 741 post
784 661 932 722 occisum
964 679 1069 742 opera
1101 659 1231 722 Pisonis
1257 658 1428 723 Neronem
1453 658 1528 722 Piso

342 799 478 861 quoque
512 778 775 855 interficeretur,
811 780 1069 861 tradereturque
1101 778 1279 861 Imperium
1313 777 1527 842 Senecae...

342 897 431 979 Quin
465 895 499 960 e't
531 899 634 961 verba
667 899 762 962 Flavi
795 898 1021 981 vulgabantur
1052 919 1120 961 non
1152 897 1275 961 referre
1307 899 1478 972 dedecori,
1501 899 1527 960 si

341 1017 558 1080 citharoedus
581 1019 820 1081 demoveretur
844 1027 879 1081 et
903 1019 1085 1099 tragoedus
1109 1017 1339 1081 succederet.‘'

387 1136 444 1200 Ad
480 1137 661 1199 lectionem
693 1138 854 1200 traditam
886 1136 1034 1200 dedecori
1063 1136 1315 1200 defendendam
1346 1136 1530 1198 afferuntur

343 1257 411 1319 duo
442 1256 519 1330 loci,
552 1257 594 1320 de
626 1256 748 1338 quibus
779 1265 892 1319 tacere
918 1265 1084 1339 praestat:
1111 1255 1218 1319 Plauti
1244 1256 1335 1318 enim
1360 1264 1411 1318 est
1434 1254 1529 1329 alter,

342 1375 427 1438 alter
452 1374 584 1439 Horatii
610 1396 725 1439 versus
748 1375 802 1438 ille
827 1376 1038 1438 notissimus:

919 1495 973 1557 dic
999 1495 1079 1576 quid
1104 1493 1228 1557 reserat
1252 1495 1339 1557 intra

566 1614 716 1677 Naturae
741 1613 816 1676 fmis
840 1614 979 1689 viventi,
1006 1614 1121 1695 iugera
1144 1622 1282 1677 centum
1306 1633 1349 1676 an

568 1733 660 1796 Mille
684 1731 778 1796 aret?

389 1856 427 1917 In
447 1873 516 1936 quo
541 1853 698 1936 praesidii
723 1852 805 1915 nihii
829 1872 902 1915 esse
926 1861 1085 1935 apparet:
1110 1853 1204 1916 homo
1229 1855 1319 1916 enim
1344 1854 1390 1916 ibi
1414 1853 1531 1916 dativo

344 1974 549 2055 designatur.
572 1972 663 2055 Ergo
685 1972 883 2054 plerumque
906 1972 1036 2035 Heinsii
1057 1973 1221 2055 probatur
1233 1975 1437 2047 coniectura,
1452 1993 1531 2036 sane

345 2093 515 2156 lenissima
546 2093 721 2168 dedecoris,
754 2093 914 2174 quoniam
949 2093 1021 2175 ipse
1053 2093 1192 2156 Tacitus
1224 2091 1267 2156 H.
1294 2093 1319 2168 I,
1350 2111 1360 2155 1
1389 2093 1529 2156 dixerit:

349 2233 504 2294 „omnem
528 2213 718 2295 potentiam
741 2213 783 2275 ad
809 2232 911 2274 unum
933 2211 1077 2275 conferri
1097 2213 1190 2294 pacis
1209 2211 1530 2293 interfuit'','Quint.

346 2333 406 2408 IX,
429 2352 460 2411 4,
485 2351 546 2412 44:
575 2332 774 2415 ,plurimum
799 2331 901 2394 refert
925 2331 1214 2413 compositioms'’,
1239 2331 1323 2394 Plin.
1349 2331 1413 2414 Ep.
1435 2331 1529 2406 VIII,

347 2469 405 2515 22:
446 2452 617 2534 „quisquis
652 2451 725 2528 ille,
760 2451 1014 2533 qualiscunque,
1052 2451 1198 2526 sileatur,
1235 2472 1338 2533 quem
1373 2453 1531 2534 insignire

345 2572 493 2655 exempli
518 2571 609 2647 nihil,
636 2591 703 2634 non
728 2571 887 2652 insIgnire
911 2571 1131 2633 humanitatis
1155 2571 1337 2654 plurimum
1361 2571 1483 2635 refert’'
1501 2569 1530 2652 ¹).
1571 2635 1574 2640 ,

346 2691 414 2756 Sed
445 2691 553 2774 triqus
584 2691 636 2754 his
666 2691 748 2753 locis
773 2701 856 2771 pax,
889 2690 1084 2772 compositio,
1116 2691 1308 2774 exemplum,
1341 2691 1532 2755 humanitas

344 2820 519 2892 tamquam
544 2811 698 2873 homines
722 2809 923 2891 cogitantur,
946 2819 990 2884 et,
1011 2810 1103 2891 quod
1123 2811 1266 2892 gravius,
1288 2811 1315 2873 si
1335 2811 1379 2874 ad
1401 2810 1531 2873 illorum

345 2930 540 3013 exemplum
551 2938 663 2992 noster
675 2928 769 2992 locus
782 2930 991 3004 emendetur,
1003 2949 1069 2991 non
1082 2930 1257 3005 dedecoris,
1267 2950 1384 2993 verum
1397 2930 1531 3001 decoris,

344 3050 388 3111 sit
411 3048 637 3112 scribendum.
671 3049 786 3113 Unum
810 3049 1049 3111 tantummodo
1073 3048 1236 3112 hactenus
1259 3049 1397 3112 aliatum
1422 3050 1531 3123 video,

344 3167 402 3249 qui
434 3167 534 3249 plane
558 3168 622 3230 huc
646 3169 846 3230 conveniat:
873 3167 955 3230 Plio.
981 3167 1104 3249 Paneg.
1129 3185 1190 3247 40:
1219 3177 1275 3248 „tu
1301 3168 1384 3232 nihil
1408 3169 1529 3232 referre

345 3286 533 3368 iniquitatis
563 3287 746 3362 existimas,
772 3288 887 3369 exigas
912 3288 1004 3369 quod
1029 3286 1146 3350 deberi
1171 3307 1239 3351 non
1264 3287 1465 3369 oportuerit,
1488 3305 1528 3348 an

344 3407 531 3469 constituas
562 3415 598 3468 ut
629 3404 837 3469 debeatur?”
873 3404 942 3469 Sed
967 3426 1173 3487 quamquam
1198 3405 1340 3469 fortasse
1363 3427 1384 3469 a
1407 3405 1530 3469 sedulis

343 3526 561 3589 venatoribus
574 3527 672 3608 pauci
686 3526 823 3607 quidam
837 3524 891 3588 alii
905 3544 923 3586 e
936 3524 1074 3587 latebris
1087 3524 1337 3606 protrahentur,
1347 3526 1530 3588 admodum

341 3647 466 3710 insoliti
491 3647 618 3729 aliquid
642 3646 764 3708 Tacito
789 3645 975 3708 Heinsiana
1000 3645 1136 3708 obtrudi
1160 3645 1355 3708 coniectura
1373 3645 1455 3708 satis
1475 3665 1530 3726 ap·

341 3774 448 3848 paret.
486 3767 557 3828 Iam
588 3765 793 3828 sententiam
826 3764 907 3826 dicti
940 3765 1210 3827 consideremus:
1247 3784 1384 3846 „parum
1408 3761 1529 3827 resert’'

342 3884 480 3967 (Flavus
502 3885 561 3965 ait)
590 3893 720 3962 „utrum
745 3883 978 3946 citharoedum
1003 3903 1045 3946 an
1070 3884 1271 3964 tragoedum
1291 3885 1528 3966 imperatorem

342 4003 559 4067 habeamus.”
593 4003 683 4067 Num
705 4002 892 4085 quidquam
914 4003 969 4067 hic
989 4001 1107 4066 deest?
1131 4003 1241 4066 Immo
1262 4023 1343 4067 vero
1365 4002 1528 4089 quidquid

382 4237 408 4304 r)
432 4239 514 4288 Totus
539 4234 612 4283 locus
637 4241 676 4284 est
694 4235 887 4288 huiuscemodi:
907 4246 935 4288 ut
954 4239 1065 4288 amicum
1083 4255 1098 4288 a
1116 4238 1197 4310 nimia
1216 4239 1243 4287 In
1262 4238 1348 4288 alienu
1368 4239 1432 4290 vitia
1450 4240 1528 4290 deter-

343 4333 398 4378 reat
422 4323 568 4384 severitate,
591 4321 739 4386 exemplum
764 4340 792 4373 se
814 4325 943 4375 cicorum
961 4332 1123 4375 narraturum
1142 4325 1272 4390 promittit
1291 4325 1391 4375 PIInius
1409 4326 1468 4392 viri,
1486 4323 1527 4389 qvi

343 4409 486 4474 aliquando
510 4409 537 4456 in
564 4409 656 4472 poenis
679 4411 812 4460 sumendis
831 4412 936 4460 modum
955 4413 1107 4476 excesserim
1127 4411 1174 4460 sed
1191 4427 1286 4460 nomen
1306 4413 1362 4462 eius
1380 4429 1408 4462 se
1427 4429 1460 4462 ne
1479 4419 1527 4462 tum

344 4495 450 4562 quidem
470 4495 598 4544 editurum
613 4495 710 4562 verbis,
729 4511 796 4562 quae
814 4498 961 4565 citavimus,
979 4497 1116 4565 significat.
