3266 5238
910 415 969 493 148

339 591 538 654 adversatus
568 600 667 668 esset,
697 594 776 674 quia
800 593 1015 676 intelligebat
1038 592 1151 656 lavere
1175 594 1205 655 ei
1230 602 1395 670 senatum,
1421 615 1531 658 nonne

339 709 424 774 haec
444 731 581 793 quoque
601 711 672 774 eius
691 711 873 793 prudentia
892 712 1113 775 vehementer
1133 721 1223 776 esset
1242 712 1431 776 laudanda?
1446 714 1530 777 Nam

339 850 398 894 cur
420 830 570 894 Hortalo
583 831 736 895 faverent
756 832 908 915 plerique
928 842 1102 897 senatores
1121 833 1276 897 sollerter
1295 834 1531 918 perspiciebat,

339 969 464 1032 nempe
495 959 532 1012 ut
562 951 625 1032 ipsi
657 971 793 1034 quoque
826 952 917 1016 idem
949 952 1115 1017 haberent
1143 953 1304 1035 egestatis
1327 953 1529 1029 subsidium;

338 1089 401 1151 pro
432 1070 562 1133 aerario
594 1091 675 1153 ergo
700 1072 864 1154 pugnavit
888 1071 1029 1148 sortiter,
1054 1081 1252 1154 certamque
1276 1073 1320 1135 ab
1345 1093 1386 1135 eo
1409 1073 1531 1136 avertit

338 1188 523 1270 perniciem
547 1189 714 1254 nullorum
739 1191 865 1255 veritus
885 1192 968 1254 iram
989 1191 1231 1273 invidiamque.
1252 1190 1343 1274 Quid
1365 1192 1530 1256 attinebat

338 1307 402 1370 hoc
422 1328 501 1371 eum
521 1310 749 1373 condemnare
769 1311 894 1375 iudicio
914 1331 982 1375 non
1004 1313 1110 1394 magis
1132 1311 1299 1375 malevolo
1316 1332 1419 1394 quam
1432 1310 1528 1374 salso:

386 1427 500 1508 „Haec
530 1437 633 1511 atque
657 1429 748 1504 talia,
772 1450 978 1512 quamquam
1002 1450 1080 1494 cum
1104 1431 1249 1493 adsensu
1274 1431 1390 1494 audita
1413 1431 1457 1493 ab
1481 1431 1528 1505 iis,

338 1547 460 1628 quibus
480 1549 595 1611 omnia
614 1549 815 1632 principum,
837 1549 970 1614 honesta
990 1562 1088 1632 atque
1106 1549 1285 1626 inhonesta,
1302 1550 1440 1613 laudare
1458 1569 1529 1612 mos

337 1674 400 1742 est,
425 1665 537 1750 plures
562 1688 622 1750 per
645 1668 815 1732 silentium
840 1678 899 1733 aut
924 1668 1095 1733 occultum
1120 1690 1270 1733 murmur
1294 1669 1496 1752 excepere''?

382 1785 450 1850 Cur
480 1787 657 1852 inhonestis
686 1788 929 1852 adnumeratur
958 1789 1132 1872 praeclara
1163 1788 1290 1852 Tiberii
1322 1791 1442 1865 oratio,
1472 1797 1529 1851 aut

337 1914 429 1969 certe
452 1906 487 1968 in
511 1907 624 1970 medio
648 1907 848 1989 relinquitur
872 1917 985 1972 utrum
1008 1909 1052 1972 ad
1077 1908 1257 1972 inhonesta
1281 1909 1394 1990 potius
1418 1929 1460 1973 an
1486 1909 1527 1971 ad

337 2027 480 2089 honesta
512 2026 555 2089 sit
579 2025 776 2090 referenda?
801 2025 886 2090 Cum
911 2013 1109 2110 praesertim
1134 2028 1237 2090 etiam
1261 2047 1529 2091 commemoran-

336 2148 418 2210 dum
449 2147 492 2209 sit
524 2147 697 2229 egregium
728 2147 856 2210 Tiberii
888 2146 1026 2224 lactum,
1055 2166 1123 2229 quo
1148 2147 1222 2210 luce
1246 2147 1366 2211 clarius
1390 2148 1528 2211 demon·

335 2267 455 2330 stravit
479 2287 546 2330 non
567 2287 664 2330 suum
684 2268 744 2331 sed
766 2267 971 2350 reipublicae
992 2268 1211 2330 commodum
1231 2267 1331 2330 unice
1350 2268 1444 2331 cordi
1465 2267 1527 2329 sibi

337 2406 427 2450 esse:
452 2387 580 2449 etenim
604 2407 648 2450 ex
671 2407 731 2450 sua
753 2407 832 2450 arca
852 2385 1025 2450 Hortensii
1047 2387 1122 2450 filiis
1142 2388 1274 2451 ducena
1292 2387 1526 2449 adnumeravit

336 2507 500 2582 sestertia,
533 2516 636 2588 atque
664 2508 754 2590 (nam
778 2505 844 2570 hoc
868 2509 970 2570 etiam
994 2507 1140 2590 gravius)
1165 2509 1305 2570 reticere
1331 2527 1398 2570 non
1422 2507 1527 2590 possit

335 2627 480 2709 scriptor
511 2634 631 2709 postea
656 2627 851 2710 apparuisse
876 2627 969 2689 omni
993 2626 1119 2689 auxilio
1143 2627 1319 2708 indignum
1343 2647 1416 2690 esse
1441 2625 1526 2689 Hor·

334 2744 451 2809 talum.
477 2746 566 2809 Nam
591 2746 683 2827 quod
707 2745 799 2808 illam
824 2765 895 2808 rem
919 2745 971 2808 his
994 2754 1138 2809 exornat
1162 2746 1275 2809 verbis
1297 2746 1454 2810 Tacitus:

383 2865 524 2946 „Neque
557 2865 733 2928 miseratus
763 2872 815 2927 est
846 2864 989 2946 posthac
1021 2863 1187 2940 Tiberius,
1220 2865 1376 2946 quamvis
1407 2866 1525 2928 domus

336 2983 510 3047 Hortensii
535 2985 731 3068 pudendam
755 2985 798 3047 ad
823 2984 974 3066 inopiam
998 2982 1236 3047 delaberetur'’

334 3105 418 3186 quid
450 3112 539 3167 esset
570 3104 604 3167 in
633 3105 812 3186 iniquitate
836 3124 1005 3167 summum
1030 3103 1225 3166 declaravit.
1251 3103 1306 3166 An
1331 3103 1412 3167 boni
1437 3105 1524 3187 prin·

333 3224 418 3306 cipis
438 3233 489 3288 est
507 3233 577 3287 tam
598 3225 655 3288 diu
676 3224 839 3288 nobilium
860 3225 1035 3287 hominum
1055 3223 1185 3286 levitati
1206 3232 1240 3286 et
1260 3224 1402 3287 vanitati
1423 3245 1522 3307 opem

333 3342 430 3419 serre,
455 3344 563 3407 donec
588 3352 646 3407 aut
670 3345 835 3408 aerarium
858 3344 901 3406 sit
925 3342 1128 3407 exhaustum
1151 3351 1210 3406 aut
1234 3344 1306 3426 ipse
1327 3343 1520 3426 pudendam

331 3463 375 3526 ad
399 3462 550 3560 inopiam
575 3461 768 3546 delapsus’'i

375 3583 419 3658 11,
448 3585 500 3663 84.
534 3583 627 3646 Nihil
650 3604 671 3647 a
693 3583 832 3646 Tiberio
855 3582 922 3645 dici
948 3582 1108 3665 potuisse,
1134 3583 1289 3664 quamvis
1314 3592 1404 3645 esset
1427 3583 1520 3647 inno-

329 3725 440 3781 cuum,
472 3705 552 3785 quin
584 3704 838 3768 acerbissimum
870 3703 1039 3766 inveniret
1070 3722 1244 3765 censorem
1275 3702 1444 3777 Tacitum,
1467 3703 1520 3764 hic

329 3824 423 3888 locus
447 3824 500 3887 vel
525 3825 706 3908 praecipue
731 3825 939 3888 documento
963 3831 1032 3886 est:

378 3943 555 4025 „Ceterum
576 3944 703 4006 recenti
720 3944 831 4007 adhuc
846 3943 1015 4006 maestitia
1028 3942 1085 4024 (sc.
1099 3941 1144 4004 ob
1158 3949 1302 4004 mortem
1317 3940 1519 4024 Germanici)

328 4084 424 4128 soror
451 4063 626 4126 Gemanici
651 4063 760 4138 Livia,
784 4070 892 4145 nupta
915 4062 1037 4136 Urusa,
1061 4063 1147 4124 duos
1171 4061 1275 4124 virilis
1298 4081 1398 4124 sexus
1423 4059 1519 4124 simul

329 4183 430 4246 enixa
454 4179 538 4244 est'’.

374 4299 485 4382 Quem
518 4319 586 4362 non
619 4300 662 4362 de
693 4300 795 4382 plebe
826 4321 928 4364 avum
960 4300 1126 4364 eiusmodi
1157 4320 1211 4363 res
1242 4301 1364 4382 insigni
1396 4301 1520 4364 afficiat

328 4415 475 4502 gaudio?
502 4418 579 4500 Ipse
604 4419 743 4483 Tacitus
766 4428 909 4484 testatur
932 4420 1014 4483 illud
1043 4440 1173 4501 „rarum
1197 4420 1394 4502 laetumque
1418 4421 1519 4484 etiam
