3228 5236
664 425 724 487 241

50 569 51 582 ¹
157 585 261 649 Palam
293 594 346 650 est
377 586 430 649 hic
461 588 534 651 vitii
564 587 670 651 latere
701 587 845 670 aliquid;
871 589 997 651 etenim
1021 589 1185 652 Romanos
1208 609 1291 664 esse,

48 746 49 802 3
120 705 167 785 qui
194 705 246 768 hic
277 727 439 790 prospere
471 716 617 770 certasse
648 708 813 782 dicuntur,
840 707 1054 770 manifestum
1078 708 1117 771 fit
1140 709 1179 771 iis
1203 728 1290 790 quae

47 851 48 870 2
117 833 305 905 sequuntur:
339 826 418 907 „sed
447 826 543 888 miles
574 827 730 889 secundis
761 827 979 908 adversisque
1010 827 1151 909 perinde
1176 827 1209 889 in
1234 847 1292 889 ex·

116 944 199 1006 itium
233 946 358 1008 ducum
392 945 676 1009 accendebatur.”
713 946 833 1027 Neque
868 946 970 1009 ullam
1001 966 1081 1029 prae
1113 967 1149 1008 se
1181 945 1292 1009 ierunt

116 1064 176 1125 veri
197 1065 346 1147 speciem
369 1066 584 1129 coniecturae
608 1084 735 1139 eorum,
760 1066 818 1146 qui
842 1085 904 1147 pro
917 1074 1078 1147 prospere
1095 1073 1293 1148 proponunt

116 1183 312 1268 improspere,
334 1185 387 1247 vel
407 1193 486 1267 post
505 1205 581 1249 mox
604 1184 778 1265 „Vocula”
798 1193 856 1248 aut
876 1193 955 1246 ante
967 1196 1128 1267 prospere
1139 1185 1291 1248 inserunt

118 1302 331 1382 ,Romanus”.
363 1303 501 1386 Quanto
534 1304 733 1386 prudentius
758 1304 945 1368 Urlichsius
967 1311 1078 1367 totum
1102 1305 1210 1367 istud:
1238 1303 1292 1369 Ci-

114 1423 181 1485 vilis
202 1425 290 1507 capit
314 1422 494 1487 Geldubam
520 1425 726 1507 proscripsit.
752 1423 807 1488 Sic
831 1425 921 1487 enim
941 1433 1022 1506 apte
1042 1433 1116 1487 tota
1135 1425 1291 1507 procedit

114 1543 258 1618 narratio,
280 1551 315 1605 et
333 1542 517 1624 aliquando
538 1544 571 1606 in
592 1545 743 1626 margine
763 1543 845 1606 illud
868 1542 986 1608 Civilis
1004 1545 1094 1627 capit
1110 1543 1290 1607 Geldubam

112 1659 201 1724 fuisse
230 1670 431 1725 annotatum
463 1664 649 1726 admodum
681 1672 731 1726 est
756 1663 946 1726 verisimile.
975 1662 1031 1727 Sic
1054 1664 1144 1726 enim
1168 1661 1291 1725 sciolus

110 1779 221 1862 aliquis
244 1783 415 1864 explicare
438 1792 581 1846 conatus
604 1791 666 1858 est,
690 1784 747 1865 qui
771 1781 896 1846 sactum
921 1783 964 1845 sit
988 1790 1025 1845 ut
1047 1783 1191 1864 primum
1213 1781 1290 1846 Gel-

110 1901 238 1978 dubam,
270 1902 396 1966 deinde
427 1903 634 1966 Novaesium
665 1897 869 1965 concederet
894 1901 1036 1965 Vocula.
1061 1900 1290 1965 sententiolas

108 2028 214 2084 autem
251 2022 398 2084 minutas
432 2019 524 2084 illas:
567 2021 713 2100 „Iterum
750 2019 865 2084 Civilis
899 2019 1028 2083 Vetera
1063 2021 1289 2084 circumsedit.

110 2137 233 2203 Vocula
264 2139 457 2204 Geldubam
488 2148 592 2221 atque
625 2140 703 2202 inde
735 2139 942 2202 Novaesium
974 2139 1151 2201 concessit.
1176 2138 1291 2203 Civilis

109 2260 193 2342 capit
223 2258 438 2322 Geldubam”
468 2258 732 2341 haudquaquam
763 2278 835 2320 esse
867 2259 1029 2322 orationis
1052 2258 1212 2322 Taciteae
1236 2259 1291 2322 vel

108 2397 197 2441 aures
219 2381 417 2443 admonent.

149 2497 307 2562 Eiusdem
339 2498 472 2580 generis
502 2497 784 2572 additamentum,
817 2497 876 2560 sed
909 2497 1083 2578 aliquanto
1114 2497 1217 2561 etiam
1241 2499 1289 2561 in·
1317 2543 1335 2570 .

109 2617 221 2698 eptius‚
253 2617 540 2701 deprehendimus
571 2637 599 2681 c.
629 2616 671 2698 67
703 2617 737 2679 in
769 2617 960 2679 narratione
991 2617 1035 2678 de
1067 2615 1141 2678 Iulii
1173 2616 1289 2681 Sabini

108 2733 263 2819 Lingonis
286 2735 494 2800 deiectione:

149 2855 301 2934 „Interea
331 2854 434 2918 Iulius
465 2853 611 2918 Sabinus
642 2854 801 2937 proiectis
832 2853 977 2918 foederis
1001 2855 1146 2918 Romani
1171 2875 1290 2919 monu-

106 2976 221 3039 mentis
245 2974 424 3039 Caesarem
449 2995 484 3037 se
508 2974 644 3037 salutari
665 2973 759 3036 iubet
779 2993 1005 3056 magnamque
1025 2983 1060 3038 et
1080 2976 1290 3038 inconditam

105 3094 311 3176 popularium
333 3094 468 3157 turbam
488 3093 521 3156 in
542 3092 718 3175 Sequanos
740 3093 837 3175 rapit,
856 3095 1103 3158 conterminam
1116 3096 1289 3158 civitatem

104 3220 135 3274 et
154 3214 251 3276 nobis
270 3212 384 3277 fidam.
409 3213 482 3275 Nec
504 3212 653 3294 Sequani
673 3213 907 3276 detrectavere
928 3222 1110 3278 certamen.
1138 3215 1291 3278 Fortuna

104 3330 294 3395 melioribus
324 3330 446 3395 adfuit:
479 3330 625 3396 Sabinus
655 3331 850 3396 festinatum
875 3342 1003 3396 temere
1028 3333 1193 3416 proelium
1218 3335 1291 3417 pari

103 3448 278 3514 formidine
302 3451 482 3515 deseruit.”

145 3571 302 3635 Potuitne
326 3571 380 3633 vel
405 3571 591 3651 elegantius
615 3570 669 3633 vel
694 3571 801 3651 magis
825 3572 1001 3652 perspicue
1025 3569 1205 3652 significari
1224 3569 1289 3631 utri

103 3688 133 3751 in
157 3711 198 3753 eo
221 3692 407 3754 certamine
432 3690 585 3765 vicerint,
609 3691 674 3752 utri
697 3691 764 3751 sint
789 3685 980 3770 profligati?
1007 3688 1158 3752 Fortuna
1182 3687 1290 3752 melio·

102 3810 191 3874 radus
213 3811 338 3893 adsuit.
365 3809 488 3872 Nonne
512 3808 646 3891 egregie
670 3807 868 3888 scriptorem
894 3807 1086 3869 Romanum
1111 3807 1211 3870 decet
1233 3807 1290 3871 illo

102 3929 287 3994 melioribus
317 3949 376 3992 eos
407 3929 594 4010 designare,
622 3927 680 4008 qui
709 3945 729 3988 a
758 3924 910 4007 partibus
937 3925 1093 3988 steterint
1117 3925 1290 3990 Romano·

101 4068 181 4124 rum,
206 4056 309 4130 atque
333 4047 380 4110 sic
405 4047 480 4110 illos
499 4056 617 4110 notare
637 4043 774 4107 infamia
795 4044 852 4126 qui
877 4045 980 4109 fidem
1005 4045 1290 4108 detrectaverint?

102 4167 222 4232 Nonne
252 4188 355 4231 omne
385 4167 551 4230 enuntiati
583 4185 726 4230 acumen
749 4173 853 4247 atque
878 4167 988 4228 omnis
1007 4175 1166 4230 venustas
1190 4166 1289 4247 perit,

101 4287 125 4348 si
155 4295 331 4369 praeterea
363 4286 416 4349 vel
449 4287 595 4350 victores
626 4283 679 4347 vel
715 4284 796 4347 victi
827 4305 885 4347 suo
915 4285 1042 4348 nomine
1077 4281 1289 4348 indicantur?

103 4403 172 4468 Iure
192 4425 273 4487 ergo
294 4413 409 4467 nostro
434 4406 664 4487 importunum
690 4405 1031 4484 interpretamentum
1037 4407 1118 4488 susi
1129 4405 1291 4488 Lingones

1116 4525 1146 4572 16
