3258 5240
892 376 937 437 44

320 541 387 604 fide
411 549 490 602 ante
515 538 703 602 Germanos
726 559 798 602 esse
823 538 1026 613 exclamant,
1047 538 1349 620 digrediunturque
1369 548 1404 603 et
1424 541 1511 602 inter

320 669 433 743 patres
457 659 648 722 considunt.

364 777 432 842 Sed
465 786 641 860 praeterea
670 777 803 860 quoties
827 778 860 840 in
886 798 957 840 rem
982 776 1111 851 incidit,
1137 796 1325 859 quaecum
1350 777 1415 840 risu
1441 797 1514 841 nar·

319 898 383 959 rari
410 897 515 978 possit
539 897 742 978 debeatque,
766 917 898 960 summa
920 916 997 960 eam
1018 895 1146 978 profert
1167 897 1345 978 gravitate,
1365 897 1412 959 sic
1433 917 1516 960 non·

322 1036 494 1098 nunquam
526 1016 614 1078 ultro
645 1015 798 1080 indicans
821 1037 856 1079 se
881 1017 928 1079 rei
953 1017 1121 1080 rationem
1147 1036 1266 1098 parum
1290 1017 1514 1099 perspexisse,

322 1135 492 1219 Exemplo
517 1156 589 1199 esse
613 1145 727 1219 potest
750 1137 842 1218 quod
867 1136 888 1199 l.
915 1136 965 1198 XI
988 1156 1017 1198 c.
1044 1151 1086 1200 20
1111 1135 1251 1218 legitur:

365 1255 438 1320 Nec
471 1255 578 1319 multo
609 1263 687 1338 post
719 1254 853 1319 Curtius
886 1255 993 1319 Rufus
1022 1256 1168 1317 eundem
1194 1254 1359 1318 honorem
1384 1254 1442 1337 (sc.
1468 1256 1516 1318 in·

320 1376 428 1458 signia
458 1375 633 1458 triumphi)
662 1375 870 1458 adipiscitur,
895 1375 952 1457 qui
977 1376 1011 1438 in
1036 1394 1118 1456 agro
1144 1373 1309 1437 Mattiaco
1333 1373 1515 1438 recluserat

320 1515 442 1578 specus
473 1495 675 1577 quaerendis
702 1494 797 1557 venis
819 1495 967 1576 argenti;
993 1493 1083 1556 unde
1108 1492 1219 1554 tenuis
1244 1491 1370 1555 fructus
1394 1513 1457 1556 nec
1482 1495 1515 1556 in

320 1615 459 1697 longum
490 1613 562 1689 fuit,
586 1622 621 1677 at
644 1613 835 1695 legionibus
859 1633 936 1676 eum
961 1613 1087 1675 damno
1111 1611 1217 1686 labor,
1242 1611 1391 1674 effodere
1415 1613 1515 1684 rivos,

323 1754 477 1816 quaeque
503 1733 537 1796 in
561 1741 681 1816 aperto
700 1733 825 1816 gravia,
847 1732 987 1796 humum
1008 1730 1094 1794 infra
1114 1730 1233 1793 moliri.
1255 1729 1339 1813 Quis
1357 1731 1518 1794 subactus

324 1851 429 1926 miles,
466 1861 500 1915 et
536 1851 615 1934 quia
650 1852 762 1934 plures
797 1872 858 1933 per
892 1851 1083 1935 provincias
1118 1849 1239 1913 similia
1273 1851 1518 1924 tolerabantur,

324 1972 501 2056 componit
541 1971 690 2034 occultas
725 1971 840 2034 literas
876 1972 1013 2034 nomine
1048 1970 1269 2045 exercituum,
1306 1971 1518 2052 precantium

324 2094 574 2173 imperatorem,
607 2100 644 2153 ut
675 2091 797 2173 quibus
828 2091 1050 2172 permissurus
1081 2099 1170 2153 esset
1199 2090 1377 2164 exercitus,
1402 2090 1519 2152 trium·

325 2210 438 2294 phalia
461 2218 541 2273 ante
564 2209 738 2272 tribueret.

371 2329 587 2411 Perspicuum
601 2330 708 2411 magis
722 2337 772 2392 est
783 2330 875 2410 quod
885 2328 1008 2411 legitur
1016 2330 1108 2412 apud
1119 2328 1319 2393 Suetonium
1330 2327 1448 2392 Claud.
1460 2345 1518 2408 24:

369 2448 613 2532 (Triumphalia
636 2457 837 2511 ornamenta
859 2457 930 2511 tam
955 2448 1051 2512 lacile
1075 2449 1183 2530 dedit)
1205 2457 1242 2511 ut
1262 2447 1406 2531 epistola
1426 2468 1520 2510 com-

326 2570 417 2632 muni
450 2568 620 2651 legionum
653 2571 790 2633 nomine
817 2570 986 2633 exstiterit
1009 2570 1210 2651 petentium,
1235 2577 1270 2631 ut
1294 2569 1414 2651 legatis
1438 2589 1520 2631 con·

324 2690 488 2753 sularibus
511 2689 609 2752 simul
634 2710 711 2752 cum
735 2690 886 2752 exercitu
908 2698 942 2752 et
961 2688 1179 2772 triumphalia
1199 2690 1360 2752 darentur
1381 2709 1422 2751 ne
1441 2708 1521 2751 cau-

325 2830 398 2873 sam
421 2809 500 2873 belli
525 2829 665 2891 quoquo
689 2811 792 2872 modo
817 2816 1030 2891 quaererent.

370 2927 438 2992 Sed
470 2930 570 2992 risum
596 2937 738 3010 uterque
762 2938 878 2991 movet
904 2929 1010 3010 magis
1034 2947 1136 3010 quam
1160 2929 1218 3010 qui
1242 2948 1392 3009 unquam
1415 2928 1521 2990 risum

325 3048 486 3131 captavit,
519 3049 600 3110 dum
625 3056 800 3130 tamquam
824 3047 951 3110 iactum
977 3047 1197 3110 memorabile
1220 3045 1321 3109 refert
1345 3047 1521 3110 scurrilem

326 3166 605 3250 petulantemque
638 3166 781 3230 militum
806 3169 929 3231 iocum.
953 3166 1042 3229 Nam
1066 3168 1159 3229 iocus
1182 3165 1238 3229 ille
1263 3167 1335 3242 fuit,
1361 3167 1523 3249 paucissi-

326 3306 457 3349 morum
478 3285 618 3350 sortasse
640 3286 793 3361 militum,
815 3287 904 3350 haud
926 3287 1096 3350 dissimilis
1115 3287 1161 3350 illi
1183 3307 1251 3369 quo
1274 3287 1525 3370 posteaTraia·

326 3426 406 3470 num
427 3405 573 3469 ludibrio
594 3407 785 3469 habuerunt
806 3415 919 3490 patres
932 3407 1124 3490 conscripti.
1139 3406 1228 3470 Nam
1241 3427 1318 3470 cum
1331 3407 1524 3470 identidem

325 3524 439 3589 literas
463 3524 629 3589 laureatas
651 3546 671 3589 a
697 3526 848 3608 principe
869 3527 1073 3608 acciperent,
1095 3545 1205 3607 neque
1226 3527 1445 3608 pronuntiare
1466 3525 1525 3590 vel

326 3646 490 3709 memoria
520 3647 665 3709 retinere
697 3654 835 3727 possent
866 3645 1010 3708 barbara
1043 3647 1181 3708 nomina
1203 3647 1367 3728 gentium,
1392 3665 1476 3727 quas
1502 3667 1524 3710 a

325 3787 360 3829 se
393 3767 545 3830 devictas
569 3766 623 3830 ille
648 3765 836 3839 nuntiabat,
862 3741 1190 3828 senatusconsultum
1215 3763 1434 3827 factumest:
1464 3773 1526 3842 ,ut

326 3885 491 3947 Traianus
514 3886 557 3947 de
581 3893 665 3966 quot
689 3883 880 3966 quibusque
903 3884 976 3966 ipse
997 3882 1099 3946 vellet
1120 3882 1255 3966 populis
1273 3881 1526 3965 triumpharet”

328 4003 407 4081 (Dio
433 4001 469 4065 C.
496 4004 549 4078 68,
577 4004 640 4085 29).

373 4120 469 4182 Idem
493 4122 711 4184 statuendum
736 4123 870 4186 videtur
894 4123 937 4186 de
961 4121 1038 4184 loco
1063 4122 1107 4184 H.
1133 4121 1175 4197 11,
1201 4140 1262 4205 91:

377 4239 566 4318 „Veniebat
592 4239 626 4301 in
649 4248 803 4303 senatum
828 4241 1021 4324 (Vitellius),
1046 4243 1149 4304 etiam
1174 4263 1250 4305 cum
1276 4242 1389 4325 parvis
1408 4240 1451 4302 de
1473 4261 1526 4304 re-

328 4357 390 4420 bus
414 4366 527 4440 patres
551 4359 822 4432 consulerentur;
847 4381 886 4424 ac
911 4361 997 4423 sorte
1023 4361 1153 4424 Priscus
1174 4362 1363 4436 Helvidius
1385 4370 1526 4445 praetor
