3266 5238
903 421 945 483 62

329 621 445 664 revera
465 601 618 664 evenisse
639 608 776 675 statuat,
798 621 884 682 quae
904 601 1023 682 tragici
1044 599 1118 682 plus
1138 600 1273 663 habeat.
1294 600 1382 663 Tum
1395 599 1521 662 tradita

327 719 429 783 lectio
457 722 624 803 optimum
648 719 737 783 hunc
762 721 904 802 praebet
928 739 1081 807 sensum:
1106 720 1178 782 sive
1202 719 1301 782 finxit
1323 718 1406 781 illud
1433 737 1521 797 ,non

328 841 423 903 iussit
454 839 580 914 Otho”,
612 839 683 902 sive
715 840 757 902 de
789 840 1022 902 coniuratione
1054 859 1174 902 vocem
1207 839 1354 919 aliquam
1384 837 1523 898 mittens

328 967 436 1021 semet
456 960 565 1041 ipsum
587 968 761 1041 tamquam
782 959 954 1021 conscium
975 960 1046 1020 eius
1066 957 1239 1020 indicavit.
1261 956 1310 1018 At
1329 956 1393 1018 ista
1409 957 1523 1018 omnia

329 1077 582 1160 Nipperdeiana
606 1077 801 1140 coniectura
824 1085 977 1158 pereunt.
1002 1076 1190 1151 Praeterea,
1211 1075 1238 1137 si
1257 1075 1352 1138 siluit
1370 1074 1524 1156 legimus,

329 1198 411 1280 quid
435 1199 501 1261 isto
524 1199 612 1280 qnod
632 1196 815 1261 faciamus?

374 1317 418 1379 H.
444 1316 470 1393 l,
493 1336 546 1397 44.
576 1316 710 1398 ,Plures
739 1337 841 1399 quam
870 1325 1007 1379 centum
1033 1317 1152 1399 viginti
1176 1316 1308 1379 libellos
1332 1315 1521 1398 praemium

328 1438 586 1518 exposcentium
619 1436 664 1498 ob
696 1437 843 1518 aliquam
869 1435 1056 1500 notabilem
1080 1435 1136 1499 illa
1160 1437 1216 1499 die
1239 1437 1296 1518 (sc.
1320 1455 1387 1517 qua
1412 1433 1522 1498 Galba

328 1556 473 1638 Pisoque
497 1565 574 1618 sunt
598 1557 711 1638 occisi)
736 1575 876 1638 operam
901 1555 1059 1618 Vitellius
1083 1564 1203 1637 postea
1222 1556 1368 1629 invenit;
1389 1573 1524 1616 omnes-

329 1696 395 1758 que
426 1675 579 1758 conquiri
611 1683 646 1738 et
671 1675 815 1739 interfici
839 1676 943 1751 iussit,
969 1696 1037 1738 non
1061 1675 1181 1737 honori
1206 1673 1345 1748 Galbae,
1370 1673 1430 1736 sed
1456 1681 1523 1736 tra·

328 1796 401 1858 dito
426 1796 635 1878 principibus
656 1816 757 1870 more,
780 1796 1026 1858 munimentum
1048 1797 1081 1858 in
1104 1814 1273 1878 praesens,
1295 1795 1327 1857 in
1348 1803 1523 1876 posterum

330 1914 527 1978 ultionem''.

375 2034 440 2097 Pro
463 2035 698 2098 munimentum
722 2035 770 2098 ad
783 2047 952 2117 praesens,
977 2036 1011 2098 in
1028 2046 1199 2119 posterum
1221 2035 1375 2099 ultionem
1394 2033 1525 2116 ingeni-

329 2155 480 2216 osissime
517 2154 669 2216 Muretus
704 2156 899 2236 proposuit:
936 2156 1170 2218 munimentum
1206 2155 1240 2217 in
1269 2165 1442 2238 posterum
1478 2154 1528 2216 ad

324 2285 485 2358 praesens
503 2275 666 2338 ultionem.
687 2274 732 2338 Et
752 2282 866 2337 tamen
888 2295 952 2358 ego
970 2275 1061 2338 illam
1080 2276 1290 2338 conicturam
1302 2274 1522 2337 reiiciendam

329 2414 463 2470 censeo,
491 2414 558 2457 non
583 2395 675 2476 quod
701 2414 819 2477 parum
844 2403 962 2478 aptum
986 2395 1062 2458 huic
1087 2395 1163 2458 loco
1186 2413 1321 2457 sensum
1347 2394 1522 2476 praebeat,

328 2514 387 2576 sed
418 2514 497 2595 quia
528 2512 666 2594 vulgata
697 2533 832 2596 quoque
860 2513 962 2576 lectio
987 2515 1121 2595 egregie
1145 2514 1320 2577 consilium
1346 2514 1521 2595 quoddam

330 2633 446 2696 Vitelli
468 2632 579 2708 refert,
599 2634 703 2715 idque
724 2633 862 2696 minime
883 2633 1084 2696 absurdum:
1106 2635 1139 2696 in
1158 2635 1350 2715 praesentia
1364 2631 1524 2695 Vitellius

328 2753 391 2816 sibi
417 2753 664 2816 munimentum
688 2761 724 2816 et
747 2754 964 2816 securitatem
985 2754 1136 2836 parabat,
1158 2754 1314 2817 homines
1334 2754 1441 2816 cuivis
1462 2755 1522 2815 im·

328 2874 476 2956 peratori
501 2873 623 2937 infidos
647 2875 689 2936 de
716 2873 829 2936 medio
853 2873 986 2950 tollens,
1011 2883 1044 2937 et
1069 2875 1102 2937 in
1124 2884 1296 2957 posterum
1317 2895 1454 2958 sperare
1472 2876 1522 2938 sic

331 3001 476 3076 poterat,
501 2994 528 3055 si
551 2993 623 3075 ipse
648 3013 784 3075 quoque
808 2993 921 3076 aliqua
944 2995 1138 3077 proditione
1162 2995 1349 3071 cecidisset,
1375 3002 1522 3057 mortem

329 3133 424 3176 suam
454 3111 595 3175 inultam
621 3132 688 3174 non
713 3113 800 3175 fore:
825 3114 931 3176 videri
956 3116 1046 3176 enim
1072 3123 1206 3196 poterat
1231 3115 1385 3178 nonsibi
1410 3115 1521 3177 solum

330 3233 543 3314 prospexisse
566 3231 626 3292 sed
651 3239 686 3292 et
709 3250 940 3295 successorum
963 3234 1134 3296 securitati
1159 3243 1194 3296 et
1217 3235 1357 3297 omnino
1377 3235 1522 3316 impera·

323 3351 437 3413 toriae
462 3349 634 3433 potestati.

376 3471 419 3533 H.
445 3469 488 3543 Il,
514 3486 565 3533 20.
590 3468 762 3550 ,Uxorem
783 3470 853 3531 eius
873 3471 1064 3555 (Caecinae)
1084 3471 1290 3547 Saloninam,
1311 3492 1522 3554 quamquam

329 3590 363 3652 in
383 3587 504 3651 nullius
524 3589 678 3651 iniuriam
699 3588 839 3669 insignis
858 3608 947 3671 equo
967 3599 1128 3672 ostroque
1140 3592 1330 3667 veheretur,
1343 3600 1521 3673 tamquam

328 3709 409 3772 laesi
434 3707 693 3792 gravabantur”.

375 3828 438 3891 Pro
468 3829 609 3911 insignis
640 3827 845 3890 Puteolanus
875 3829 1009 3912 insigni,
1041 3849 1129 3911 quae
1160 3831 1355 3893 coniectura
1386 3839 1522 3894 tantum

329 3947 426 4010 abest
450 3955 486 4008 ut
509 3947 552 4008 sit
577 3947 764 4009 necessaria
788 3955 824 4008 ut
848 3948 1052 4010 sententiam
1077 3950 1275 4024 conturbet;
1298 3969 1376 4012 nam
1396 3951 1525 4033 insigni

328 4087 407 4147 equo
437 4066 512 4128 vehi
541 4065 661 4146 aliquis
693 4074 784 4128 recte
816 4065 949 4140 dicitur,
979 4069 1104 4150 insigni
1124 4080 1213 4133 ostro
1237 4069 1313 4132 vehi
1334 4068 1522 4132 subridicu-

328 4184 398 4247 lum
422 4192 483 4246 est.

375 4295 419 4366 H.
444 4303 504 4378 111,
529 4303 582 4381 64.
611 4303 679 4382 ,At
700 4305 863 4386 primores
883 4306 1029 4368 civitatis
1051 4307 1206 4370 Flavium
1227 4306 1403 4382 Sabinum,
1425 4327 1522 4390 prac-

328 4424 455 4487 fectum
479 4423 580 4498 urbis,
604 4425 742 4487 secretis
765 4425 978 4488 sermonibus
1001 4427 1189 4491 incitabant
1213 4429 1375 4491 victoriae
1395 4427 1523 4492 famae·
