3258 5240
931 426 972 490 34

349 587 450 651 simul
470 588 635 651 eiusmodi
657 597 693 650 ut
714 589 747 650 in
765 609 876 651 rerum
890 595 1009 650 natura
1021 586 1121 649 fuisse
1134 585 1272 648 credere
1286 602 1353 646 non
1367 583 1544 665 possimus.

352 709 444 790 Ergo
475 708 658 771 narrationi
689 707 777 770 hanc
809 707 947 770 subesse
972 707 1151 769 veritatem
1175 704 1403 786 suspicamur:
1429 722 1545 764 revera

350 828 439 890 Libo
464 829 578 890 animo
602 847 698 910 spem
723 828 894 909 quandam
919 827 1003 890 fovit
1028 824 1166 909 periculi
1191 824 1337 907 plenam,
1359 832 1394 885 et
1415 842 1547 885 summa

352 967 507 1029 quaeque
538 955 741 1029 exspectans
771 947 839 1011 iam
871 946 1032 1029 principis
1064 946 1177 1007 vivere
1205 944 1311 1006 vitam
1340 944 1465 1025 coepit,
1489 962 1546 1004 aes
1618 959 1619 964 ¹

349 1067 496 1130 alienum
520 1067 702 1142 contraxit,
726 1068 854 1130 amicos
873 1067 917 1129 ad
938 1065 1035 1128 luxus
1056 1065 1364 1145 necessitatumque
1387 1062 1547 1144 perduxit

350 1188 560 1262 societatem,
584 1189 695 1250 donec
719 1207 836 1249 eorum
858 1206 953 1260 unus,
974 1184 1087 1260 Catus,
1109 1182 1283 1246 metuebat
1304 1202 1403 1245 nese
1423 1181 1548 1244 Liboni
1618 1187 1619 1242 l

349 1305 519 1388 alligasset
552 1306 658 1388 magis
690 1326 793 1387 quam
824 1306 887 1387 ipsi
919 1304 1001 1368 utile
1025 1311 1124 1378 esset,
1148 1311 1252 1384 atque
1277 1311 1313 1364 ut
1338 1302 1373 1364 et
1398 1299 1547 1384 periculo

350 1445 387 1487 se
409 1426 624 1488 subtraheret
644 1425 678 1487 et
699 1433 842 1507 accepto
863 1424 1015 1506 praemio
1036 1443 1093 1485 aes
1111 1422 1260 1485 alienum
1280 1420 1412 1484 solvere
1433 1427 1548 1502 posset

353 1544 522 1607 Libonem
554 1545 727 1607 indicavit.
756 1543 806 1608 Cf.
831 1543 909 1607 Seu.
935 1543 1000 1625 Ep.
1026 1558 1078 1626 70,
1107 1559 1164 1606 10:
1194 1541 1315 1622 „Drusi
1340 1539 1548 1603 Libonis...

355 1663 580 1726 adolescentis
604 1672 675 1727 tam
698 1663 813 1726 stolidi
838 1683 941 1744 quam
961 1661 1092 1736 nobilis,
1115 1662 1242 1724 maiora
1261 1659 1429 1743 sperantis
1446 1677 1549 1740 quarn

354 1782 412 1845 illo
436 1782 571 1847 saeculo
595 1783 774 1864 quisquam
798 1802 934 1865 sperare
959 1789 1094 1864 poterat
1117 1789 1176 1843 aut
1201 1781 1273 1862 ipse
1296 1777 1398 1842 ullo”.

408 1901 518 1966 Multo
550 1921 604 1964 me
628 1901 757 1964 facilius
779 1901 927 1983 expedio
951 1920 970 1963 e
994 1898 1192 1962 difficultate
1215 1918 1319 1979 quarn
1343 1895 1489 1960 narratio
1512 1895 1553 1957 de

354 2021 452 2106 salso
473 2022 628 2105 Agrippa
652 2021 756 2084 habet
780 2019 835 2104 (A.
861 2021 904 2096 11,
928 2021 995 2102 40).
1020 2020 1081 2082 Ille
1105 2019 1196 2083 enim

452 2141 667 2224 percontanti
698 2141 847 2216 Tiberio,
871 2141 1045 2222 quomodo
1069 2139 1226 2222 Agrippa
1249 2138 1357 2201 factus
1379 2143 1477 2210 esset,
1503 2153 1553 2196 re-

405 2262 581 2343 spondisse
605 2260 726 2323 fertur:
752 2259 935 2342 Quomodo
958 2268 994 2322 tu
1016 2259 1149 2323 Caesar.

360 2379 381 2443 i.
405 2399 434 2441 e.
463 2378 600 2459 ,falsum
626 2399 679 2442 me
703 2377 894 2462 Agrippam
918 2398 990 2442 esse
1016 2379 1133 2453 fateor,
1158 2379 1217 2442 sed
1238 2377 1360 2458 quibus
1380 2395 1444 2457 ego
1463 2373 1551 2438 frau-

361 2500 460 2562 dibus
484 2509 518 2562 et
543 2499 728 2563 mendaciis
751 2497 908 2581 Agrippa
931 2519 1005 2562 sum
1028 2498 1145 2574 factus
1170 2498 1290 2560 iisdem
1314 2505 1351 2559 tu
1372 2495 1552 2560 Caesares

361 2618 484 2682 sactus:
510 2617 612 2681 salsus
634 2619 724 2680 enim
750 2617 873 2682 Caesar
896 2617 965 2680 es”.

407 2736 564 2799 Petulans
596 2737 750 2818 profecto
778 2757 976 2820 responsum
999 2737 1206 2819 plenumque
1231 2735 1466 2811 contumeliae,
1491 2737 1551 2798 sed

362 2877 430 2938 quo
454 2854 552 2919 simul
576 2876 671 2919 suam
695 2856 818 2919 fatetur
842 2856 986 2940 culpam.
1013 2856 1128 2939 Atque
1153 2857 1187 2918 id
1212 2875 1289 2919 eum
1312 2876 1374 2919 non
1395 2854 1513 2918 secisse
1533 2875 1553 2916 e

362 2985 475 3039 cetera
506 2977 697 3039 narratione
729 2985 882 3060 apparet.
912 2977 1103 3059 Tamquam
1125 2977 1217 3040 enim
1240 2976 1424 3050 hominem,
1449 2997 1552 3058 quem

360 3104 396 3157 ut
421 3093 540 3177 culpae
564 3096 783 3158 convinceret
806 3115 874 3159 non
895 3096 958 3158 sibi
978 3097 1169 3177 contigerit,
1189 3095 1277 3159 clam
1296 3115 1374 3158 eum
1395 3096 1552 3158 occiden-

361 3216 441 3278 dum
460 3214 616 3278 Tiberius
629 3225 733 3279 curat.
748 3214 964 3299 Quapropter
976 3217 1192 3298 respondisse
1206 3235 1299 3278 reum
1312 3218 1551 3299 interrogando

360 3354 501 3396 censeo:
537 3333 740 3416 ,Quomodo
762 3343 799 3397 tu
824 3334 990 3400 Caesar?”
1014 3337 1110 3399 Tunc
1135 3336 1226 3400 enim
1249 3335 1314 3398 hoc
1338 3335 1438 3398 dicit:
1467 3355 1551 3417 ,ego

360 3473 428 3515 non
451 3472 525 3515 sum
541 3455 661 3536 sactus
683 3454 743 3516 sed
768 3462 866 3518 natus
891 3454 1063 3537 Agrippa;
1088 3464 1124 3516 tu
1149 3455 1262 3537 potius
1286 3455 1340 3516 dic
1364 3455 1422 3536 qui
1443 3454 1552 3518 lactus

358 3573 403 3634 sis
435 3571 574 3649 caesar,
607 3573 671 3636 hoc
703 3574 793 3636 enim
824 3594 949 3637 nomen
979 3575 1072 3637 omni
1096 3574 1260 3637 scelerum
1284 3593 1409 3656 genere
1432 3595 1469 3636 es
1492 3575 1552 3638 ad·

359 3690 490 3774 eptus”.
516 3691 551 3755 Si
575 3703 672 3756 antea
696 3691 802 3756 lassus
826 3693 892 3756 iam
916 3701 1014 3768 esset,
1035 3694 1189 3776 ineptum
1210 3693 1298 3756 foret
1317 3713 1396 3756 eum
1414 3714 1550 3776 rogare:

359 3812 516 3891 quomodo
542 3813 663 3894 sactus
692 3832 726 3874 es
755 3813 910 3895 Agrippa
918 3813 944 3886 l,
977 3811 1142 3875 eiusmodi
1174 3813 1440 3894 interrogatione
1472 3833 1552 3876 eum

360 3929 457 3992 fateri
482 3939 638 3992 coactum
662 3930 737 4012 quis
761 3930 898 3994 credat?

405 4164 574 4247 Quoniam
612 4167 717 4229 semel
752 4169 785 4231 in
819 4169 1091 4233 accusationibus
1126 4170 1389 4252 criminibusque
1425 4192 1554 4248 versor,

360 4285 485 4348 addam
510 4282 562 4345 his
585 4303 629 4346 ex
651 4286 774 4350 eodem
797 4309 922 4370 genere
944 4290 1057 4352 locum
1077 4291 1224 4370 graviter
1245 4299 1453 4373 corruptum,
1474 4313 1555 4355 nec·

360 4405 453 4476 dum,
477 4411 512 4464 ut
537 4402 618 4465 mihi
644 4405 787 4482 videtur,
808 4428 925 4472 revera
944 4429 964 4472 a
984 4409 1108 4471 criticis
1127 4418 1327 4485 correctum,
1348 4412 1452 4474 credo
1472 4413 1556 4493 quia
