3228 5236
789 491 795 508 .
888 459 951 505 222

372 621 467 700 „Mos
491 631 543 685 est
565 623 711 705 regibus
736 624 894 705 quotiens
913 625 947 686 in
968 625 1168 687 societatem
1189 634 1321 700 coeant,
1341 623 1514 706 implicare

326 742 464 805 dextras
495 742 702 825 pollicesque
727 743 814 805 inter
838 763 873 804 se
899 744 1026 806 vincire
1051 745 1211 825 nodoque
1236 742 1517 826 praestringere.”

371 861 533 925 Deleatur
564 865 616 926 in:
643 883 710 925 non
735 863 826 925 enim
852 863 915 926 ista
940 862 1024 926 fiunt
1048 864 1081 926 in
1106 865 1216 946 primo
1241 883 1433 945 congressu,
1458 865 1517 946 qui

326 981 485 1064 colloquii
509 983 552 1046 de
574 985 737 1046 societate
757 1003 857 1045 causa
878 982 1031 1058 habetur,
1052 985 1112 1046 sed
1133 992 1315 1066 postquam
1329 984 1518 1080 congressis

327 1102 500 1183 multaque
514 1103 683 1183 utrimque
696 1101 817 1164 locutis
831 1103 896 1165 iarn
911 1102 1037 1184 placuit
1050 1104 1204 1166 societas.
1224 1103 1372 1165 Addidit
1384 1103 1517 1183 aliquis

327 1223 384 1304 qui
405 1222 611 1284 locutionem
625 1223 688 1284 sibi
701 1221 887 1285 inauditam
900 1224 1082 1286 societatem
1095 1225 1182 1286 coire
1194 1243 1261 1285 non
1275 1231 1517 1304 concoqueret.

328 1341 357 1404 E
381 1341 545 1404 Cicerone
568 1351 683 1404 tamen
708 1349 823 1404 notam
848 1361 923 1404 eam
948 1342 1073 1405 habere
1098 1351 1242 1424 poterat

376 1461 416 1524 A.
436 1462 514 1536 XII,
537 1477 587 1542 51.
603 1461 830 1534 Radamistus,
843 1463 901 1542 qui
914 1461 1113 1524 Armeniam
1128 1462 1309 1543 occupavit
1322 1461 1521 1542 crudelique

328 1590 431 1645 vexat
463 1583 616 1664 imperi0,
648 1581 692 1644 ab
716 1582 809 1644 iratis
833 1581 963 1643 civibus
987 1581 1020 1642 in
1045 1581 1220 1661 sua‘regia
1244 1581 1521 1654 circumvenitur,

328 1703 387 1766 sed
409 1703 609 1784 pernicitate
630 1701 709 1782 equi
730 1721 765 1762 se
786 1700 1022 1762 obsidentibus
1042 1699 1220 1763 subtrahit.
1246 1699 1327 1762 Post
1339 1701 1521 1780 variosque

329 1843 442 1886 casus:

377 1940 545 2023 „Hiberos
568 1941 612 2003 ad
637 1940 783 2022 patrium
808 1958 949 2022 regnum
974 1937 1163 2020 pervadit’‘

376 2062 425 2126 Ut
445 2070 619 2124 sanaretur
639 2060 774 2123 soloeca
795 2058 975 2122 verborum
997 2067 1174 2133 structura,
1190 2057 1365 2121 Heinsius:
1384 2057 1445 2136 „ad
1461 2056 1524 2118 Hi-

331 2182 430 2245 beros
446 2181 593 2263 patrium
605 2180 639 2241 in
653 2199 793 2262 regnum
807 2177 986 2260 pervadit''
1000 2178 1193 2260 proposuit;
1208 2177 1523 2258 Bezzenbergerus:

335 2302 396 2380 „ad
428 2300 574 2362 Hiberos
597 2299 745 2381 patrium
769 2317 910 2379 regnum
936 2297 1002 2379 p.''.
1039 2296 1106 2360 Sed
1131 2307 1260 2379 quanto
1284 2297 1454 2359 efficacior
1476 2296 1524 2358 le·

331 2422 473 2502 niorque
497 2419 619 2481 Ritteri
645 2419 730 2480 ratio
754 2425 866 2479 totum
890 2417 970 2479 illud
996 2417 1140 2480 Hiberos
1164 2417 1318 2479 delentis.
1343 2417 1443 2480 Esset
1463 2437 1525 2479 cur

332 2541 537 2612 miraremur,
562 2539 589 2600 si
614 2538 657 2600 ad
682 2536 792 2599 Taciti
817 2536 921 2598 verba
944 2537 993 2598 ad
1006 2537 1161 2619 patrium
1186 2558 1325 2620 regnum
1347 2557 1524 2619 nunquam

331 2660 421 2722 istud
444 2658 588 2721 Hiberos
609 2657 817 2739 adscriptum
842 2654 968 2718 suisset.

374 2779 418 2842 A.
455 2777 532 2858 x11,
572 2791 621 2858 54.
658 2775 758 2838 Felix
793 2774 1035 2839 Samaritarum
1067 2783 1103 2838 et
1135 2775 1317 2839 Ventidius
1348 2774 1523 2838 Cumanus

331 2898 558 2963 Galilaeorum
590 2895 780 2979 praefectus
811 2897 899 2958 inter
930 2915 966 2956 se
990 2895 1147 2957 immissis
1171 2894 1358 2958 latronibus
1383 2903 1524 2976 raptant

333 3019 544 3102 praedasque
567 3018 611 3079 ad
635 3023 870 3098 procuratores
893 3014 1059 3078 referunt:

382 3137 503 3217 „hique
535 3136 645 3218 primo
677 3135 811 3210 laetari;
846 3154 927 3196 mox
958 3134 1122 3215 gliscente
1153 3134 1302 3216 pernicie
1327 3155 1404 3197 cum
1429 3156 1527 3198 arma

333 3255 477 3320 militum
502 3254 759 3330 interiecissent,
783 3255 872 3317 caesi
898 3252 1050 3317 milites.'’

379 3375 558 3436 Diutiusne
590 3373 773 3436 absurdum
804 3373 906 3435 istum
937 3381 972 3435 et
1000 3374 1074 3455 ipso
1099 3373 1342 3437 vocabulorum
1367 3393 1453 3436 sono
1479 3376 1531 3438 in-

333 3494 546 3559 tolerabilem
570 3512 761 3554 sermonem
787 3491 943 3566 feramus,
967 3512 1010 3554 an
1035 3491 1177 3556 militum
1201 3491 1394 3555 eiiciamus?
1426 3493 1530 3557 Certe

333 3615 426 3678 nudo
450 3611 618 3675 vocabulo
641 3631 741 3674 arma
765 3611 809 3673 ad
833 3611 1110 3693 perspicuitatem
1135 3611 1218 3674 nihil
1241 3613 1354 3674 deest:
1376 3611 1530 3675 latrones

333 3735 387 3797 isti
420 3733 560 3795 sortasse
591 3768 634 3776 —
666 3749 873 3813 quamquam
906 3749 947 3793 ne
979 3730 1044 3791 hoc
1067 3729 1207 3810 quidem
1232 3731 1458 3794 necessarium
1482 3767 1530 3778 —

334 3874 448 3917 secum
480 3853 671 3915 habuerunt
704 3851 841 3932 aliquid,
867 3868 936 3931 quo
960 3849 1100 3912 vulnera
1123 3850 1232 3913 lacere
1256 3859 1395 3933 possent
1404 3877 1412 3927 ;
1439 3851 1531 3914 iusta

335 3994 434 4037 arma
458 3992 526 4035 non
551 3971 752 4034 habuerunt.

380 4093 425 4156 A.
462 4091 547 4164 XII,
582 4090 642 4167 64:
686 4089 920 4170 Prodigiorum
956 4106 1058 4150 omne
1093 4108 1199 4170 genus
1234 4088 1358 4151 civium
1395 4097 1532 4152 mentes

337 4208 560 4295 perturbabat
572 4232 579 4268 z

387 4327 473 4408 ,Sed
518 4326 550 4387 in
595 4327 778 4408 praecipuo
813 4344 940 4407 pavore
976 4326 1185 4409 Agrippina,
1221 4347 1342 4390 vocem
1378 4328 1534 4404 Claudii,

340 4466 442 4529 quam
474 4446 679 4509 temulentus
711 4447 846 4519 iecerat,
878 4445 979 4507 fatale
1011 4447 1084 4522 sibi,
1119 4454 1154 4510 ut
1186 4448 1368 4530 coniugum
1403 4446 1535 4530 flagitia
