3258 5240
926 401 967 463 26

350 580 446 661 quies
477 580 600 642 dicitur
631 600 748 643 eorum
773 581 917 644 militum
942 582 999 663 qui
1025 601 1092 643 non
1117 579 1253 660 rapiunt
1276 579 1347 653 sed,
1373 587 1408 640 ut
1431 586 1484 640 est
1508 581 1538 640 in

348 699 557 782 lepidissimo
592 699 840 763 Wallensteinii
875 699 1086 764 Schilleriani
1119 719 1226 773 versu,
1262 699 1433 778 ,contenti
1465 706 1542 761 sunt

349 838 437 901 pane
468 839 530 882 suo
563 819 731 882 militari'’.
763 820 802 883 In
832 839 915 903 pace
939 828 1054 883 autem
1078 819 1160 901 quid
1186 827 1303 900 raptus
1327 816 1471 881 militum
1497 819 1542 880 in-

349 937 465 1002 hibet?
490 938 626 1014 Severa,
651 940 782 1022 opinor,
808 938 996 1022 disciplina,
1021 939 1118 1002 labor
1142 937 1327 1020 improbus,
1348 935 1541 1018 exemplum

351 1059 455 1122 ducis
489 1058 544 1122 Sic
567 1060 699 1142 integra
724 1061 820 1141 quies
844 1060 969 1142 vigoris
992 1060 1062 1123 fieri
1087 1066 1201 1141 potest
1224 1078 1335 1120 causa.
1361 1057 1459 1120 Nunc
1485 1059 1542 1120 du-

349 1177 434 1241 abus
459 1179 597 1241 mutatis
620 1178 770 1254 literulis,
796 1178 849 1242 vel
874 1178 1015 1241 fortasse
1040 1199 1106 1241 una
1130 1178 1221 1259 (nam
1242 1177 1336 1240 labor
1356 1178 1445 1240 istud
1467 1178 1543 1239 mis-

350 1317 423 1360 sum
455 1298 607 1380 facimus)
632 1298 741 1361 Taciti
767 1299 896 1361 restitui
922 1319 1040 1361 manus
1065 1306 1196 1380 potest:
1221 1305 1454 1379 quantumque
1481 1296 1543 1359 illis
1606 1322 1607 1402 7

350 1416 480 1479 roboris
504 1417 699 1482 discrimina
723 1426 758 1480 et
780 1417 886 1492 labor,
911 1426 1045 1480 tantum
1070 1417 1121 1479 his
1146 1417 1271 1498 vigoris
1293 1417 1473 1480 addiderat
1495 1417 1543 1478 in-

349 1545 445 1618 tegra
465 1539 560 1619 quies
580 1546 615 1600 et
634 1538 815 1620 inexpertis
833 1537 913 1602 bello
932 1537 999 1620 (vel
1018 1536 1102 1600 belli.
1125 1536 1267 1618 Legitur
1279 1537 1371 1599 enim
1384 1536 1428 1598 H.
1442 1537 1486 1610 Il,
1500 1551 1519 1618 7
1525 1549 1539 1616 5

349 1656 490 1740 legiones
508 1656 601 1720 civili
617 1656 697 1720 bello
716 1658 915 1740 inexpertas,
937 1657 980 1720 A.
1003 1657 1097 1731 XVI,
1118 1672 1132 1738 5
1152 1656 1333 1720 electione
1352 1656 1543 1719 Puteolani:

353 1776 510 1840 lasciviae
540 1778 727 1860 inexperti).
758 1778 805 1842 Et
820 1775 841 1860 ¹)
864 1778 1051 1860 inexpertis
1075 1776 1164 1840 bello
1189 1778 1208 1840 i.
1233 1798 1263 1840 e.
1286 1797 1488 1859 quamquam
1512 1778 1543 1838 in

351 1897 460 1958 aciem
497 1916 669 1977 nunquam
706 1904 803 1960 erant
837 1898 991 1971 eductae,
1024 1905 1139 1960 tamen
1171 1897 1324 1978 vigorem
1355 1895 1544 1978 legionibus

352 2016 494 2079 dederat
517 2016 650 2098 integra
673 2017 764 2098 quies
787 2017 807 2078 i.
831 2037 861 2079 e.
886 2017 1048 2080 severitas
1072 2016 1280 2097 disciplinae.

396 2133 496 2198 Alter
523 2134 645 2216 legitur
669 2135 713 2198 H.
739 2137 800 2211 Ill,
825 2151 885 2220 77:
914 2137 1068 2217 ,interim
1091 2135 1134 2198 ad
1162 2135 1201 2198 L.
1229 2133 1403 2197 Vitellium
1428 2153 1543 2196 servus

353 2253 505 2336 Verginii
530 2253 705 2336 Capitonis
728 2255 885 2338 perfugit,
910 2255 1156 2338 pollicitusque,
1181 2255 1207 2316 si
1233 2254 1439 2336 praesidium
1460 2253 1544 2316 acci·

352 2382 458 2454 peret,
482 2395 621 2438 vacuam
645 2396 755 2438 arcem
779 2377 988 2439 traditurum
1013 2395 1041 2438 e.
1066 2396 1099 2457 q.
1124 2373 1172 2438 s''.
1196 2372 1316 2455 Quivis
1340 2373 1405 2447 hic,
1431 2372 1542 2435 obiter

351 2495 497 2576 aspectis
531 2496 644 2558 verbis
677 2517 817 2560 vacuam
853 2517 973 2572 arcem,
1005 2504 1182 2577 exspectet
1214 2515 1233 2557 a
1263 2513 1362 2557 servo
1394 2493 1453 2555 illo
1484 2514 1543 2576 per

352 2613 504 2695 ignotam
528 2616 700 2696 quandam
725 2617 1010 2680 incustoditamve
1034 2615 1190 2678 semitam
1214 2633 1340 2697 paucos
1364 2615 1398 2676 in
1420 2634 1542 2688 arcem,

353 2741 434 2796 tunc
466 2734 552 2797 forte
584 2755 725 2798 vacuam
758 2734 929 2809 militibus,
962 2735 1138 2798 inductum
1166 2735 1204 2796 iri
1229 2732 1362 2796 milites.
1387 2731 1437 2794 At
1462 2732 1542 2814 quid

353 2850 411 2914 fit?
442 2853 482 2915 In
513 2851 666 2929 collibus
699 2854 755 2935 qui
785 2854 859 2916 urbi
883 2853 1071 2928 imminent,
1096 2854 1211 2936 copias
1234 2854 1315 2935 (non
1340 2852 1387 2914 ita
1411 2871 1543 2933 parvaS,

353 2978 389 3031 ut
421 2972 553 3053 opinor)
585 2973 746 3053 disponit,
778 2992 865 3054 quae
895 2973 974 3034 inde
997 2974 1179 3035 decurrunt
1204 2972 1246 3034 ad
1272 2971 1413 3034 caedem
1438 2971 1544 3052 magis

353 3109 455 3169 quam
479 3090 521 3152 ad
547 3111 713 3172 pugnam:
739 3091 989 3174 oppidanorum
1014 3093 1185 3154 neminem
1208 3092 1242 3152 in
1262 3109 1375 3153 arcem
1396 3089 1545 3171 effugere

353 3209 467 3270 conari
499 3209 669 3285 miramur,
701 3212 760 3273 sed
792 3212 932 3274 omnino
963 3212 1006 3273 de
1036 3231 1113 3274 arce
1144 3207 1242 3278 οὐδεὶς
1273 3205 1378 3285 λόγος.
1407 3208 1546 3271 Prorsus

353 3329 475 3390 eodem
500 3329 604 3391 modo
627 3330 822 3412 quingentis
845 3330 914 3393 fere
934 3330 1030 3392 annis
1050 3338 1151 3393 antea
1170 3331 1291 3393 eadem
1314 3328 1392 3390 urbs
1413 3328 1548 3410 capitur

353 3466 374 3509 a
405 3444 548 3511 Servilio
579 3447 691 3512 Ahala
721 3449 808 3530 (Liv.
834 3448 894 3524 IV,
923 3450 992 3532 59):
1017 3457 1098 3511 tunc
1122 3468 1259 3530 quoque
1283 3447 1409 3511 nullam
1432 3467 1546 3509 arcem

353 3557 535 3631 Tarracina
556 3568 712 3632 habuisse
733 3570 867 3632 videtur
875 3595 883 3644 ;
906 3569 933 3630 si
953 3568 1081 3643 habuit,
1103 3576 1194 3630 certe
1215 3567 1326 3629 diruta
1345 3585 1386 3628 ea
1402 3573 1453 3628 est
1466 3585 1546 3627 cum

353 3684 487 3751 colonia
518 3687 675 3751 Romana
701 3688 781 3750 urbs
805 3687 894 3750 facta
918 3695 969 3750 est
994 3686 1081 3768 (Liv.
1107 3688 1136 3761 8,
1162 3686 1226 3767 21).
1252 3685 1410 3766 Denique
1433 3691 1548 3746 totum

354 3805 435 3869 illud
465 3825 604 3870 vacuam
628 3828 739 3870 arcem
763 3807 899 3871 tradam
923 3826 943 3869 a
965 3825 1064 3868 servo
1092 3801 1391 3887 „proverbialiter”
1415 3803 1549 3865 dictum

354 3932 422 3985 est:
458 3925 511 4004 ,in
542 3945 620 3988 eum
648 3946 708 3988 vos
733 3926 900 3990 deducam
924 3925 1036 3986 locum
1061 3932 1190 3986 utnon
1217 3923 1326 3984 minus
1350 3921 1448 3984 facile
1472 3929 1550 3984 tota

393 4239 418 4306 1)
437 4237 538 4288 Eodem
556 4239 700 4288 sententiae
719 4239 778 4289 loco
793 4247 819 4290 et
834 4240 925 4290 eadem
940 4240 966 4288 vi
982 4238 1133 4287 coniunctio
1149 4245 1174 4287 et
1190 4237 1285 4302 legitur
1301 4237 1363 4301 Agr.
1382 4247 1428 4298 14:
1445 4245 1551 4301 recepta

350 4325 447 4391 populi
460 4325 573 4373 Romani
585 4327 768 4376 consuetudine
783 4335 815 4375 ut
831 4327 935 4375 haberet
951 4326 1130 4374 instrumenta
1146 4324 1286 4373 servitutis
1296 4331 1321 4372 et
1330 4338 1406 4386 reges.
1417 4321 1453 4370 H.
1465 4323 1487 4386 1,
1499 4335 1551 4386 79:

354 4411 520 4474 lapsantibus
538 4409 609 4475 cquis
627 4420 652 4460 et
670 4412 902 4476 cataphractorum
917 4411 1039 4476 pondere.
