3228 5236
879 397 937 461 152

358 561 490 640 ,Tanto
522 562 706 644 impensius
738 563 770 624 in
803 565 1019 626 securitatem
1048 565 1266 647 compositus,
1292 585 1403 645 neque
1427 561 1502 627 loco

311 701 421 762 neque
447 679 541 743 vultu
567 690 709 756 mutato,
733 683 804 758 sed,
828 693 866 746 ut
889 683 1036 758 solitum,
1062 705 1123 767 per
1141 684 1216 747 illos
1236 685 1309 746 dies
1328 683 1408 765 egit,
1430 683 1501 745 alti·

310 801 429 862 tudine
448 801 562 876 animi,
582 821 624 865 an
646 812 859 884 compererat
880 804 1014 866 modica
1034 823 1106 866 esse
1124 811 1158 866 et
1179 801 1324 886 vulgatis
1343 801 1502 866 leviora.''

357 920 426 983 Ain
455 919 556 984 vero?
580 921 642 997 Tu,
668 923 725 1004 qui
751 931 803 986 tot
826 925 923 986 annis
948 933 1025 1006 post
1049 925 1092 986 de
1116 923 1173 987 illo
1197 933 1352 1006 tempore
1375 923 1502 996 scribis,

314 1041 420 1124 probe
453 1042 539 1104 nosti
571 1054 686 1106 cuncta
716 1045 750 1106 in
783 1045 891 1106 maius
919 1055 1017 1108 aucta
1046 1044 1156 1118 luisse,
1182 1052 1217 1107 et
1241 1044 1378 1107 dubitas
1401 1044 1501 1106 etiam

312 1170 424 1224 utrum
457 1161 621 1237 Tiberius,
650 1164 766 1244 quiin
791 1164 911 1227 mediis
934 1164 997 1227 illis
1021 1164 1151 1227 viveret
1174 1164 1274 1227 rebus
1298 1173 1333 1226 et
1356 1171 1503 1227 aetatem

313 1283 400 1346 inter
431 1283 541 1346 varios
573 1284 704 1366 imperii
737 1283 852 1346 hostes
882 1285 1040 1360 trivisset,
1071 1286 1162 1348 idem
1195 1293 1313 1348 notum
1338 1284 1502 1358 habuerit,

313 1423 356 1465 an
383 1423 419 1464 se
444 1423 580 1484 quoque
604 1401 784 1466 sollicitum
809 1424 881 1467 esse
906 1402 1187 1467 dissimulaverit?
1211 1403 1398 1466 Domitiani
1423 1402 1502 1465 illud

313 1530 492 1595 secretum,
517 1520 734 1598 mihicrede,
759 1523 822 1586 tibi
846 1524 1017 1606 imposuit.
1043 1522 1135 1586 Nihil
1160 1524 1250 1586 enim
1274 1523 1453 1585 absurdius
1472 1522 1504 1584 in

315 1649 466 1704 mentem
497 1641 559 1704 tibi
591 1642 706 1704 venire
739 1644 849 1724 potuit
882 1664 984 1724 quam
1016 1643 1070 1706 hic
1101 1663 1238 1725 quoque
1267 1644 1310 1706 de
1332 1644 1506 1708 altitudine

314 1761 422 1824 animi
444 1761 580 1824 iniicere
603 1761 841 1844 suspicionem.

361 1880 405 1944 A.
438 1881 498 1956 IV,
532 1882 562 1943 8.
595 1881 736 1946 Seianus
768 1883 922 1946 necando
957 1883 1077 1957 Druso,
1109 1882 1237 1945 Tiberii
1269 1882 1348 1958 filio,
1378 1883 1506 1946 lentum

316 2021 485 2064 venenum
511 2002 646 2084 delegit,
673 2003 719 2064 ita
743 2011 779 2064 ut
804 2002 924 2065 morbo
947 2002 1078 2064 absumi
1103 2002 1157 2064 ille
1186 2002 1374 2065 videretur:

365 2119 539 2201 „Tiberius
559 2141 620 2203 per
639 2141 757 2184 omnes
777 2121 973 2185 valitudinis
993 2121 1064 2185 eius
1080 2123 1172 2184 dies.
1187 2169 1195 2184 .
1210 2169 1217 2184 .
1231 2123 1333 2184 etiarn
1348 2120 1508 2184 defuncto

318 2242 463 2303 necdum
487 2241 631 2323 sepulto,
658 2242 784 2305 curiam
809 2242 976 2324 ingressus
1001 2241 1085 2304 est.”

363 2362 402 2424 In
434 2363 554 2443 quovis
579 2362 656 2438 alio,
681 2371 718 2425 ut
742 2362 874 2444 opinor,
900 2362 953 2425 hic
978 2363 1083 2425 virtus
1107 2362 1247 2442 antiqua
1271 2380 1418 2441 vereque
1444 2359 1510 2422 Ro-

320 2503 419 2545 mana
442 2482 645 2546 laudaretur.
671 2480 738 2546 Sed
763 2482 901 2577 Tiberio
926 2480 1008 2543 nihil
1032 2501 1092 2564 per
1115 2479 1273 2543 Tacitum
1298 2478 1407 2542 iacere
1432 2477 1511 2541 licet

318 2604 399 2684 quin
416 2603 565 2686 speciem
580 2603 741 2686 praebeat
754 2610 812 2665 aut
829 2602 989 2666 virtutem
1002 2602 1205 2665 ostentantis
1216 2609 1275 2664 aut
1288 2599 1512 2681 cogitationes

319 2743 395 2786 suas
420 2722 670 2787 dissimulantis
696 2723 748 2786 De
774 2743 867 2785 more
892 2742 973 2804 ergo
998 2721 1052 2784 hic
1077 2740 1214 2803 quoque
1237 2719 1454 2782 interiicitur:

368 2843 475 2924 ,nullo
500 2855 594 2916 metu,
620 2863 663 2905 an
688 2854 725 2906 ut
740 2842 986 2927 firmitudinem
1010 2841 1118 2904 animi
1138 2836 1338 2904 ostentaret”

320 2964 367 3025 sic
399 2965 500 3038 enim,
533 2983 575 3025 ne
606 2963 633 3026 si
665 2963 708 3024 de
739 2961 969 3026 ostentatione
1001 2960 1139 3042 quidem
1164 2958 1350 3040 quidquam
1375 2957 1514 3019 credere

321 3083 487 3158 nolumus,
508 3082 594 3145 ullus
613 3083 736 3146 virtuti
753 3081 955 3163 relinquitur
975 3078 1084 3143 locus:
1107 3098 1174 3141 non
1194 3077 1257 3140 suit
1278 3075 1392 3140 firmus
1412 3074 1513 3138 Tibe-

320 3203 387 3265 rius
419 3212 453 3264 et
485 3202 599 3266 dilecti
633 3201 690 3264 filii
723 3201 842 3264 morbo
871 3201 1104 3275 inconcussus;
1130 3197 1223 3279 quod
1249 3197 1281 3258 in
1306 3195 1514 3278 quotidianis

320 3322 452 3386 assidue
473 3321 647 3404 perstabat
660 3321 805 3402 negotiis
818 3319 963 3382 cuiusvis
975 3319 1077 3380 etiam
1091 3315 1250 3379 levissimi
1264 3323 1336 3378 erat
1348 3314 1513 3378 hominis:

321 3442 495 3505 nesciebat
519 3443 609 3504 enirn
633 3460 771 3524 gravem
797 3439 889 3502 illum
915 3438 1071 3502 morbum
1095 3455 1178 3499 esse.

366 3561 459 3624 Ann.
484 3560 545 3633 Vl,
575 3577 600 3623 1.
628 3558 771 3640 „Caesar
790 3559 956 3634 tramisso,
978 3559 1070 3639 quod
1091 3555 1239 3638 Capreas
1259 3561 1294 3616 et
1313 3552 1514 3617 Sorrentum

322 3681 483 3758 interluit,
507 3681 603 3756 lreto,
629 3680 851 3762 Campaniam
877 3677 1105 3760 praelegebat,
1130 3675 1308 3756 ambiguus
1330 3693 1375 3737 an
1395 3673 1514 3735 urbem

321 3805 473 3878 intraret,
487 3823 544 3865 seu
554 3802 633 3884 quia
642 3807 761 3863 contra
770 3797 1010 3871 destinaverat,
1019 3796 1168 3878 speciem
1178 3793 1311 3857 venturi
1321 3791 1515 3856 simulans.”

367 3925 470 3986 Mitto
496 3942 583 3986 nunc
607 3920 707 4003 plane
733 3920 878 3983 otiosam
902 3917 1126 3981 simulationis
1149 3917 1249 3978 istam
1269 3913 1514 3996 suspicionem;

324 4065 425 4108 unum
451 4043 528 4105 dico
551 4041 712 4103 adversus
736 4037 817 4102 illud
843 4038 969 4101 crimen
995 4034 1187 4100 mortalium
1210 4033 1379 4096 neminem
1404 4039 1515 4095 tutum

324 4184 406 4228 esse.
431 4162 619 4224 Videamus
643 4159 835 4240 sequentia:

374 4283 440 4362 „Et
474 4299 576 4362 saepe
609 4279 641 4340 in
674 4279 865 4361 propinqua
896 4278 1075 4360 digressus,
1107 4273 1208 4336 aditis
1239 4273 1334 4334 iuxta
1365 4269 1514 4333 Tiberim

282 4395 288 4400 ’
324 4400 440 4474 hortis,
465 4417 548 4462 saxa
569 4418 699 4461 rursum
723 4406 757 4460 et
781 4396 997 4460 solitudinem
1024 4394 1124 4458 maris
1149 4388 1317 4476 repetiit.”
