3248 5230
672 442 736 524 289

20 641 21 650 ¹
107 624 216 687 altera
251 629 383 685 tantum
419 621 539 684 horum
568 632 670 706 parte
705 621 831 704 aliquid
866 623 1012 698 additur,
1045 625 1185 707 ignavos
1217 627 1295 710 fuga

107 743 249 807 salutem
274 741 466 824 quaesiisse,
497 742 556 804 sed
581 741 682 804 etiam
708 741 750 804 de
773 741 880 805 altera
904 753 1010 825 parte,
1035 745 1078 808 de
1102 745 1295 809 fortioribus

20 881 21 888 ³
108 865 194 928 inter
223 862 421 938 Germanos,
452 861 619 924 edocendi
650 881 775 925 sumus.
811 862 1022 928 Habebimus
1052 864 1127 941 hoc,
1158 866 1184 928 si
1217 876 1295 949 post

110 981 291 1046 Germanos
322 980 458 1064 plenam
490 981 742 1044 distinctionem
775 981 993 1063 posuerimus
1027 992 1062 1047 et
1085 993 1163 1067 post
1178 985 1296 1069 fuerit

108 1102 342 1165 inseruerimus
365 1102 514 1165 cecidisse
536 1100 683 1163 aliumve
706 1100 910 1164 infinitivum
934 1102 967 1166 in
992 1104 1136 1166 eandem
1160 1114 1295 1167 senten-

108 1223 206 1285 tiamz
229 1231 264 1285 et
280 1230 396 1284 tamen
416 1219 506 1284 fusos
525 1220 727 1306 Germanos:
748 1222 840 1302 quod
860 1221 992 1284 roboris
1012 1222 1120 1298 fuerit,
1134 1225 1293 1301 cecidisse,

107 1361 279 1425 superesse
310 1341 368 1423 qui
400 1361 429 1402 e.
450 1361 483 1422 q.
503 1337 551 1402 s.'’
588 1340 640 1402 En
672 1339 871 1402 brevissimo
903 1341 1014 1422 spatio
1038 1343 1102 1404 tria
1126 1343 1294 1408 vocabula

20 1445 21 1448 Ἴ
108 1455 357 1526 omissaz'nam
389 1459 597 1544 paenultima
628 1461 773 1543 proximi
797 1461 918 1542 capitis
942 1459 1030 1524 linea
1055 1462 1124 1524 iure
1150 1462 1294 1546 Nipper-

108 1583 200 1644 deius
216 1579 424 1666 properabat
446 1580 589 1656 addidit,
611 1580 760 1661 itemque
780 1580 889 1643 tribus
908 1590 988 1644 ante
1009 1589 1160 1644 nostrum
1179 1582 1292 1647 locum

108 1699 200 1764 lineis
223 1700 435 1764 memorabat.

150 1821 218 1886 Ubi
243 1821 379 1884 dicendi
404 1819 505 1883 finem
530 1817 610 1881 fecit
634 1801 798 1881 Cerealis:

153 1941 313 2023 ,alacrior
336 1939 486 2003 omnium
511 1923 671 2000 ciamor.”

151 2039 346 2124 Nullushic
370 2058 604 2142 comparativo
627 2057 729 2120 locus.
752 2057 953 2121 Rectissime
975 2058 1202 2142 Nipperdeius
1220 2061 1293 2126 ala·

107 2182 173 2244 cris
194 2181 357 2244 restituit:
382 2181 630 2263 suprascriptae
650 2179 766 2242 literae
790 2199 828 2242 er
852 2179 912 2242 has
936 2180 1052 2243 turbas
1075 2183 1254 2246 dederunt.
