3248 5230
673 445 740 512 299

103 621 166 684 κοῖς
190 611 367 691 παρίστατο
395 608 628 675 δεδοικέναι
652 609 721 682 την
745 606 955 688 οίναρχίαν
979 602 1295 678 branderarii.

105 734 210 797 Nihili
237 735 318 797 ista!

150 853 259 918 Galba
283 852 403 916 XXIII
440 852 561 915 Pisone
585 872 605 914 a
630 849 739 914 Galba
762 849 939 933 adoptato,
963 847 1057 912 Otho
1079 845 1132 908 τδν
1155 823 1297 908 Πείσωνα

104 973 204 1044 δεδιὼς
230 971 283 1036 καί
310 970 361 1036 τύν
387 969 522 1048 Γοίλβαν
542 967 800 1049 προβαλλόμενος
823 969 875 1031 καί
896 968 938 1046 τῷ
959 965 1070 1044 Οὐινίῳ
1090 963 1297 1045 χαλεπαίνων

103 1094 200 1174 cirin
231 1097 356 1156 πολλῶν
391 1092 494 1155 παθῶν
530 1090 660 1169 σλύρηο.
692 1090 793 1173 Quod
819 1090 873 1152 hic
899 1087 1096 1153 Plutarchus
1119 1087 1298 1150 Taciteum

105 1214 161 1296 (H.
186 1213 212 1288 Ι,
241 1212 293 1296 21)
329 1213 381 1293 „in
413 1211 558 1276 Galbam
590 1213 648 1286 ira,
680 1211 714 1273 in
741 1211 898 1273 Pisonem
922 1206 1071 1272 invidia”
1096 1214 1206 1269 mutat
1228 1224 1298 1268 am·

107 1334 303 1417 plificatque
327 1334 426 1414 aequi
451 1333 601 1414 bonique
626 1330 843 1393 consulimus.
868 1328 937 1394 Sed
960 1329 1041 1411 quid
1066 1328 1132 1390 isto
1156 1323 1298 1405 τροβαλ·

106 1457 234 1530 λόμενος
259 1453 323 1516 sibi
347 1450 428 1516 velit
452 1451 632 1516 obscurum
657 1459 718 1513 est.
742 1450 799 1513 An
824 1457 983 1533 corrupta
1007 1469 1047 1512 ea
1069 1446 1159 1511 vox?

151 1574 260 1639 Galba
288 1573 390 1636 XXV
426 1572 466 1635 In
497 1571 607 1635 sorum
638 1592 715 1634 cum
747 1571 979 1634 descendisset
1011 1569 1115 1645 Otho,
1146 1569 1300 1651 paucitas

106 1693 377 1778 exspectantium
408 1693 496 1756 adeo
527 1712 606 1755 eum
637 1692 788 1755 terrebat
811 1700 849 1755 ut
872 1700 987 1754 actum
1011 1691 1055 1753 de
1078 1710 1114 1753 se
1138 1689 1300 1752 clamaret

106 1823 140 1877 et
162 1814 319 1877 lecticam
340 1820 516 1895 portantes
539 1813 714 1876 incitaret:
740 1809 880 1892 ἐξήκουον
904 1809 966 1891 γὰρ
992 1807 1061 1873 ἐνιοι
1087 1808 1300 1891 ύανμοίζοντες

106 1934 230 2010 μᾶλλον
258 1930 274 2004 ἢ
299 1930 523 2009 ταραττόμενοι
550 1928 602 1993 διδ
625 1930 680 2003 την
707 1929 881 2007 ὀλιγότητα
903 1932 963 1994 τῶν
982 1927 1299 2006 οέποτετολμημένων.

107 2055 227 2137 Neque
249 2053 390 2116 verbum
411 2049 550 2128 ἐξήκουον
572 2071 682 2132 neque
703 2053 875 2135 passivum
895 2048 1200 2128 ἀποτετολμημένων
1217 2051 1300 2132 quid

105 2173 170 2236 sibi
195 2173 278 2236 velit
302 2173 419 2237 video:
445 2169 602 2247 ἐξακούειν
626 2170 709 2234 nihil
732 2169 824 2234 aliud
849 2180 900 2234 est
924 2191 1026 2254 quarn
1050 2171 1170 2235 audire
1187 2183 1300 2254 possm

109 2292 210 2356 fuisse
235 2301 349 2355 autem
373 2293 407 2356 in
432 2291 515 2368 soro,
540 2292 597 2375 qui
623 2291 679 2354 illa
702 2291 774 2353 eius
797 2291 902 2354 verba
925 2300 1065 2373 possent
1088 2290 1225 2368 auribus¹
1244 2309 1303 2372 erg·

110 2414 234 2495 cipere,
259 2413 392 2476 disertis
416 2411 527 2474 verbis
551 2432 619 2474 non
643 2431 757 2474 sumus
781 2411 952 2474 monendi.

154 2534 199 2596 ib.
237 2534 275 2596 In
299 2533 416 2596 castris
440 2533 617 2617 praetoriis
642 2531 815 2595 Othonem
834 2529 904 2594 καί·
924 2525 978 2592 ἐνα
999 2528 1052 2593 καί
1076 2529 1127 2594 δύο
1149 2527 1301 2606 σπνροίδες

109 2651 167 2714 ύπδ
200 2650 283 2722 δέους
315 2651 350 2714 τδ
383 2652 513 2730 πρῶτον,
545 2645 616 2714 εἶτα
651 2650 827 2721 πεισθέντες
856 2649 1117 2726 ἐπηκολούθησαν.
1143 2649 1302 2732 Quonam

110 2793 187 2836 eum
212 2781 290 2836 sunt
312 2771 440 2836 secuti?
465 2773 537 2836 lam
561 2773 653 2835 enim
675 2785 724 2836 est
747 2773 780 2834 in
804 2771 933 2835 castris.
957 2771 1014 2835 An
1039 2770 1081 2834 ad
1105 2767 1275 2833 tribunal?

157 2891 266 2955 Galba
290 2892 410 2955 XXIX
445 2887 523 2954 ίίστε
555 2898 594 2971 τῇ
622 2888 691 2971 δοέη
714 2893 840 2967 μᾶλλον
865 2890 881 2965 ἢ
905 2898 946 2971 τῇ
970 2889 1111 2965 δννοίμει.
1143 2889 1304 2972 Sequitur

112 3032 200 3075 nunc
229 3011 323 3076 locus
346 3014 433 3076 adeo
457 3013 642 3094 impeditus
666 3020 703 3075 ut
725 3013 773 3075 sic
797 3033 818 3075 a
842 3011 1022 3075 Plutarcho
1046 3011 1210 3095 scriptum
1234 3030 1302 3073 non

112 3132 259 3206 credam,
283 3132 343 3195 sed
369 3151 479 3214 neque
503 3132 619 3195 sedem
644 3151 755 3214 neque
779 3151 886 3213 genus
909 3133 982 3196 vitii
1006 3131 1118 3195 video.

159 3369 253 3435 Otho
272 3370 287 3432 1
319 3369 412 3434 Otho
431 3369 645 3434 senatoribus
665 3390 750 3453 quos
768 3369 945 3455 expulerat
965 3371 1066 3446 Nero,
1085 3377 1306 3434 revocaverat

116 3491 234 3565 Galba,
256 3491 405 3553 reddidit
424 3483 483 3552 ύσα
506 3488 548 3566 μη
573 3489 785 3569 πεπραγμένα
806 3496 865 3555 τῶν
885 3487 1054 3565 κτημοίτων
1076 3485 1207 3552 ’ἕκαστον
1221 3486 1305 3564 ἐξεύ-

113 3632 225 3688 ρισκεν.
252 3611 315 3672 Ρσο
328 3608 542 3689 πεπραγμένα
556 3611 645 3675 haud
660 3612 763 3675 dubie
777 3613 956 3695 requiritur
968 3611 1060 3692 quod
1079 3607 1304 3690 „deteriores”

113 3731 242 3794 habent
266 3727 473 3806 τετρωμέναι
502 3749 742 3812 „quaecunque
768 3731 919 3794 nondum
943 3731 1120 3793 venierant
1140 3728 1304 3811 (nondum

112 3871 131 3913 a
156 3850 297 3934 privatis
321 3850 514 3914 hominibus
539 3858 634 3913 erant
659 3852 785 3933 empta)
810 3850 870 3912 sed
891 3849 1069 3932 (quatenus
1089 3871 1142 3914 res
1162 3850 1305 3914 mobiles

112 3971 221 4052 erant)
253 3969 286 4032 in
320 3968 457 4051 publico
487 3969 602 4052 aliquo
633 3968 893 4032 asservabantur
916 3967 1104 4032 aedificio.''
1129 3969 1197 4036 Sed
1221 3971 1303 4053 quid

114 4109 202 4154 nunc
228 4091 292 4153 isto
315 4085 447 4152 ἕκαστον
473 4090 515 4170 (v.
529 4089 550 4152 l.
575 4086 719 4171 ἕκαστον)
744 4087 927 4152 faciamus?
951 4089 1076 4152 Fraudi
1101 4089 1201 4153 fuisse
1225 4089 1305 4152 viris

115 4209 226 4273 doctis
258 4209 426 4272 nonnullis
448 4209 599 4291 suspicor
623 4229 654 4272 v.
679 4205 862 4288 ἐξεύρισκεν,
886 4211 978 4292 quod
1003 4210 1196 4292 acceperint
1220 4218 1305 4273 tam-

116 4349 219 4412 quam
252 4330 278 4391 si
312 4329 480 4392 diceretur
505 4330 547 4391 de
572 4349 609 4392 re
631 4349 713 4410 quae
730 4331 879 4412 pretium
903 4331 1080 4407 invenirem
1106 4332 1165 4393 sed
1190 4330 1255 4393 hoc
1278 4331 1306 4394 si

117 4449 279 4512 voluisset
311 4447 518 4523 Plutarchus,
551 4467 619 4511 non
650 4443 708 4510 ἐσα
741 4450 928 4532 scripsisset
952 4469 1069 4514 verum
1092 4444 1170 4526 ὅσον,
1195 4469 1304 4532 neque
