3258 5240
699 418 739 482 23

120 581 200 642 dem
233 578 409 642 nocuerit”
434 579 487 642 vel
516 600 577 660 „ne
599 593 780 665 serpentem
804 583 942 664 quidem
968 579 1152 644 occiderit’'
1177 581 1316 643 diceret.

162 699 249 762 Tam
272 708 387 762 autem
412 701 475 781 ipsi
501 707 641 762 naturae
665 699 812 763 hominis
835 701 989 763 innatum
1010 708 1061 762 est
1081 699 1163 762 illud
1185 700 1316 774 vitium,

117 827 259 900 tamque
290 817 423 882 facilem
454 818 559 881 habet
590 821 855 893 excusationem,
889 827 925 882 ut
956 819 1094 881 minime
1128 818 1248 881 mirum
1274 819 1317 880 sit

118 940 223 1002 etiam
254 939 288 1002 in
319 939 580 1002 cultissimorum
604 941 807 1021 scriptorum
831 940 924 1002 libris
949 938 1106 1022 exempla
1130 941 1202 1002 eius
1226 941 1317 1002 inve·

119 1059 194 1122 niri.
227 1059 281 1122 De
312 1059 472 1142 exemplo
503 1081 523 1124 a
552 1060 659 1122 Pollio
684 1081 703 1122 e
728 1045 962 1123 Demosthene
987 1059 1121 1142 prolato
1145 1060 1211 1122 iam
1236 1060 1316 1134 dixi,

118 1189 155 1242 et
176 1180 315 1242 omnino
335 1199 410 1242 rara
430 1200 502 1242 esse
523 1180 645 1262 opinor
664 1201 751 1262 quae
765 1181 845 1243 nulli
860 1182 926 1244 sint
939 1180 1088 1244 obnoxia
1101 1181 1316 1244 dubitationi.

121 1298 228 1381 Apud
260 1298 419 1362 Tacitum
450 1307 566 1362 tamen
598 1302 665 1362 duo
698 1301 779 1362 mihi
813 1299 1077 1382 deprehendisse
1109 1301 1243 1363 videor:
1274 1301 1317 1362 de

121 1419 230 1483 altero
253 1455 297 1464 -
320 1427 424 1501 atque
448 1418 530 1482 illud
555 1419 646 1501 prius
671 1420 839 1501 proferam
864 1428 1023 1482 —certa
1046 1420 1127 1482 mihi
1152 1427 1219 1482 stat
1244 1440 1318 1482 sen-

122 1538 243 1612 tentia,
267 1539 311 1600 de
335 1537 443 1601 altero
466 1538 619 1620 suspicor
641 1546 784 1601 tantum.

169 1656 213 1720 H.
248 1657 273 1718 Ι.
308 1674 359 1738 33.
391 1656 554 1719 Discessit
585 1677 605 1718 a
637 1656 746 1720 Galba
774 1657 867 1722 Otho
890 1678 994 1738 seque
1018 1658 1061 1720 ad
1086 1658 1319 1739 praetorianos

120 1775 277 1839 contulit.
310 1776 349 1838 In
377 1775 506 1839 Palatio
531 1775 569 1839 fit
593 1785 765 1839 certamen
790 1777 999 1859 opinionum.
1025 1777 1094 1840 Alii
1120 1787 1319 1860 exspectan-

121 1898 205 1959 dum
225 1915 298 1958 esse
317 1903 457 1959 censent
478 1895 749 1977 firmandumque
771 1896 946 1971 Palatium,
963 1905 1086 1978 sponte
1099 1897 1318 1960 emoriturum

119 2016 394 2080 adversariorum
425 2015 590 2096 impetum
623 2015 697 2077 rati.
730 2013 799 2077 Alii
824 2023 942 2077 contra
975 2035 1088 2077 morae
1112 2025 1191 2078 sunt
1214 2017 1319 2098 impa-

121 2137 249 2198 tientes
285 2133 496 2215 Galbamque
528 2133 571 2196 ad
603 2133 703 2196 fortia
733 2134 878 2197 incitant
907 2132 1056 2196 consilia.
1089 2133 1184 2197 Haec
1216 2136 1320 2218 ipsius

121 2253 236 2318 Taciti
261 2254 366 2317 verba
389 2261 482 2316 sunt:

169 2373 416 2436 Festinandum
436 2373 557 2435 ceteris
577 2372 766 2447 videbatur,
786 2381 970 2454 antequam
991 2383 1157 2437 cresceret
1171 2375 1320 2439 invalida

122 2493 237 2557 adhuc
268 2493 457 2555 coniuratio
488 2512 683 2574 paucorum.
716 2492 979 2574 Trepidaturum
1008 2495 1110 2556 etiam
1135 2494 1319 2569 Othonem,

122 2613 182 2695 qui
208 2612 333 2675 furtum
358 2612 538 2696 digressus,
561 2613 604 2674 ad
629 2612 765 2693 ignaros
784 2612 917 2686 inlatuS,
940 2614 1156 2676 cunctatione
1176 2634 1265 2676 nunc
1286 2623 1321 2676 et

121 2732 270 2814 segnitia
292 2733 474 2794 terentium
498 2739 633 2813 tempus
658 2731 780 2794 imitari
805 2732 994 2813 principem
1019 2733 1137 2795 discat.

175 2851 286 2931 ,Dum
309 2870 371 2912 nos
390 2858 525 2932 tempus
544 2849 715 2925 terimus”,
737 2851 832 2913 aiunt
855 2850 967 2931 ,Otho
988 2851 1110 2914 imitari
1132 2851 1319 2934 principem

123 2971 259 3035 discit”.
281 2970 330 3033 At
350 2969 377 3032 si
398 2970 480 3033 nihil
501 2970 588 3034 ultra
608 2969 737 3034 Othoni
757 2971 949 3051 acquiritur,
971 2991 1073 3052 quam
1087 2972 1179 3053 quod
1192 2972 1321 3034 interea

123 3091 259 3156 imitari
277 3091 515 3154 tantummodo
536 3090 725 3172 principem
745 3090 854 3165 discit,
876 3111 944 3153 non
961 3091 1146 3154 admodum
1160 3111 1319 3174 magnum

124 3229 223 3273 mora
257 3209 353 3272 affert
385 3209 581 3291 periculum.
614 3209 702 3271 Tum
734 3210 871 3273 demum
903 3209 1131 3273 festinandum
1164 3219 1262 3285 esset,
1293 3212 1320 3274 si

122 3336 333 3392 metueretur
357 3347 398 3391 ne
422 3347 483 3410 per
508 3327 646 3408 aliquod
671 3328 834 3409 temporis
853 3329 1067 3392 intervallum
1087 3331 1196 3394 bonus
1216 3331 1322 3413 impe·

123 3456 221 3510 rator
243 3453 278 3510 et
302 3446 429 3528 peritus
453 3446 627 3528 copiarum
651 3465 786 3508 suarum
806 3447 877 3508 dux
897 3446 990 3511 Otho
1010 3448 1116 3512 fieret.
1139 3449 1184 3512 Et
1204 3470 1321 3514 revera

124 3565 210 3628 illud
232 3573 387 3628 metuunt
407 3565 464 3647 qui
485 3585 562 3628 cum
580 3564 689 3628 Galba
701 3565 951 3647 quamprimum
965 3567 1101 3629 obviam
1115 3569 1162 3630 ire
1176 3568 1321 3632 Othonis

125 3684 309 3748 conatibus
343 3685 502 3766 gestiunt,
539 3691 574 3746 et
607 3703 722 3746 secum
757 3685 804 3746 sic
834 3683 1034 3765 loquuntur:
1071 3705 1178 3763 „nunc
1210 3706 1321 3767 neque

125 3803 224 3868 Otho
244 3803 367 3866 milites
388 3805 484 3866 novit
504 3822 614 3883 neque
634 3801 681 3864 illi
702 3802 885 3877 Othonem,
908 3823 995 3865 nunc
1016 3804 1098 3884 quid
1118 3812 1197 3886 agat
1216 3807 1322 3868 nescit

124 3923 250 3999 etiam3
275 3932 311 3986 at
334 3924 362 3985 si
385 3921 592 4004 aliquamdiu
616 3921 650 3983 in
674 3921 792 3984 castris
816 3923 1047 4004 permanserit,
1072 3924 1099 3985 si
1124 3923 1214 3986 vitae
1239 3922 1323 3986 mili·

124 4044 193 4107 tari
218 4044 331 4106 denuo
354 4043 549 4118 assueverit,
574 4049 611 4104 ut
631 4050 683 4103 est
703 4041 806 4104 homo
826 4041 932 4104 comis
952 4051 986 4106 et
1005 4043 1179 4120 facundus,
1201 4045 1323 4108 milites

123 4161 194 4228 sibi
219 4161 389 4224 devinciet
414 4161 520 4224 itaut
545 4180 607 4243 pro
631 4159 689 4222 illo
714 4168 903 4224 extremum
928 4164 1021 4226 adire
1045 4164 1230 4246 periculum
1255 4185 1323 4228 non

124 4278 319 4346 recusent”.
340 4278 389 4342 At
409 4279 507 4343 simul
528 4279 713 4354 Othonem,
735 4281 842 4344 virum
859 4281 1065 4346 levissimum
1079 4282 1325 4367 voluptatibus-

126 4421 197 4485 que
228 4401 382 4464 deditum
414 4402 502 4463 adeo
532 4407 757 4463 contemnunt
788 4409 825 4463 ut
849 4402 892 4464 de
917 4423 958 4465 eo
983 4412 1156 4485 tamquam
1180 4405 1222 4466 de
1246 4424 1325 4469 vero
