3228 5236
905 456 966 522 Ι90

337 619 411 682 inde
429 616 597 681 intellexit
617 618 859 699 ludimagister,
881 637 1031 700 ergoque
1051 618 1093 679 ad
1115 617 1190 680 inde
1200 617 1378 679 annotavit
1391 634 1546 677 rursus.
1610 699 1611 708 ἵ

339 740 385 802 Et
416 758 505 801 nunc
538 739 570 800 in
601 715 699 801 textu
729 737 852 820 legitur
875 739 950 801 inde
971 738 1086 801 debilis
1110 758 1232 801 rursus
1253 736 1400 799 Burrus
1437 733 1545 796 Nam

339 857 487 921 Acidalii
511 857 606 935 ratl0,
632 877 754 920 rursus
777 857 932 931 delentis,
957 877 976 920 a
1001 854 1244 919 recentioribus
1267 855 1439 937 spernitur
1464 853 1548 916 edi·

338 977 478 1039 toribus
512 974 702 1039 Praeclaras
726 975 879 1057 prolecto
903 974 1105 1039 habebimus
1124 975 1326 1057 scrIptorum
1346 973 1547 1036 latinorum

340 1097 524 1170 editIones,
565 1095 591 1156 si
626 1077 830 1177 inSptIarum
866 1114 961 1157 amor
997 1095 1059 1157 iste
1095 1093 1252 1177 pertinax
1286 1093 1548 1174 aliquantisper

340 1214 547 1298 grassabitur
571 1215 690 1276 etiam!

386 1333 430 1396 A.
456 1333 533 1407 XII,
559 1333 611 1415 67.
640 1331 809 1413 „Infusum
834 1331 1027 1395 delectabili
1052 1332 1082 1394 ci
1107 1331 1224 1395 boleto
1248 1328 1454 1394 venenum.”

387 1453 496 1518 Unice
528 1472 608 1515 vera
639 1453 725 1515 ratio
749 1462 800 1514 est
825 1450 940 1516 Orellii
964 1453 1012 1515 sle
1036 1450 1196 1534 legentis:
1221 1452 1370 1534 infusum
1394 1450 1548 1514 delecta·

340 1572 401 1636 bili
430 1572 497 1635 cibo
526 1591 692 1635 venenum.
740 1572 828 1634 Nam
860 1591 937 1634 cum
968 1570 1107 1633 Tacitus
1135 1571 1246 1653 ipsum
1275 1570 1372 1635 boleti
1404 1591 1546 1634 nornen

343 1692 535 1774 sprevisset,
567 1699 602 1753 et
634 1691 802 1772 exquisita
832 1691 1002 1754 locutione
1033 1690 1216 1755 delectabili
1236 1691 1304 1754 cibo
1328 1711 1405 1753 usus
1432 1699 1545 1766 esset,

342 1812 424 1875 illud
449 1833 549 1895 supra
572 1811 697 1875 lineam
721 1812 877 1894 adpinxit
901 1811 1033 1874 sciolus.
1059 1812 1158 1874 Nunc
1183 1813 1442 1876 annotationem
1469 1811 1548 1874 luc-

343 1941 474 1996 tantem
506 1931 609 1995 etiam
640 1933 818 2007 cernimus,
851 1940 886 1994 ut
918 1932 951 1994 in
982 1932 1128 1996 alienam
1160 1933 1286 2015 irrepat
1310 1933 1439 2006 sedem,
1468 1952 1546 1995 non

345 2052 416 2114 sine
441 2052 511 2114 veri
535 2051 680 2132 iustique
705 2051 833 2114 domini
857 2052 1073 2114 detrimento

391 2168 434 2231 A.
460 2169 556 2244 XIII,
580 2183 631 2250 35.
656 2167 742 2248 ,Sed
763 2168 947 2234 Corbuloni
969 2169 1043 2253 plus
1064 2169 1162 2234 molis
1182 2171 1342 2234 adversus
1362 2171 1547 2252 ignaviam

347 2288 489 2351 militurn
514 2307 616 2369 quam
641 2295 760 2350 contra
784 2287 960 2370 perfidiam
984 2288 1132 2352 hostium
1157 2299 1239 2352 erat.
1275 2288 1411 2372 Quippe
1438 2288 1550 2372 Syria

345 2416 552 2470 transmotae
583 2407 744 2489 legiones,
774 2427 858 2490 pace
883 2408 985 2491 longa
1008 2429 1138 2492 segnes,
1163 2409 1276 2472 munia
1302 2409 1548 2474 Romanorum

344 2528 530 2610 aegerrime
554 2527 779 2591 tolerabant.''

388 2646 484 2728 Quae
517 2648 678 2730 deinceps
702 2646 861 2730 legimus:
889 2650 988 2728 ,satis
1013 2649 1166 2738 constitit
1190 2649 1289 2712 luisse
1314 2651 1347 2712 in
1372 2669 1413 2712 eo
1440 2670 1548 2713 exer-

344 2768 413 2830 citu
438 2775 627 2842 veteranos,
652 2767 709 2847 qui
735 2786 802 2829 non
827 2767 1020 2842 stationem,
1046 2787 1113 2830 non
1138 2767 1267 2850 vigilias
1292 2769 1434 2831 inissent
1460 2791 1494 2834 e.
1511 2793 1546 2853 q.

344 2883 392 2948 s.”
424 2894 547 2949 cuncta
578 2897 690 2949 castra
721 2893 888 2967 spectant.
936 2884 1003 2950 Sed
1034 2885 1192 2962 lectione,
1223 2907 1326 2968 quarn
1358 2892 1549 2971 proposuit

348 3004 586 3087 Nipperdeius,
616 3005 728 3068 munia
752 3016 940 3069 castrorum
964 3005 1188 3070 Romanorum
1214 3026 1325 3089 neque
1348 3009 1550 3073 restituitur

347 3122 457 3185 Taciti
478 3142 596 3186 manus
616 3124 743 3206 (inepte
764 3125 853 3187 enirn
874 3125 963 3187 istud
984 3126 1207 3190 Romanorum
1228 3127 1403 3209 abundat),
1425 3149 1549 3213 neque

348 3239 467 3323 patefit
502 3242 616 3304 mendi
652 3242 758 3324 origo.
806 3242 976 3324 Equidem
1011 3244 1168 3308 Tacitum
1203 3237 1375 3328 scripsisse
1411 3267 1549 3313 censeo

349 3359 463 3422 munia
485 3370 683 3434 castrorum,
703 3361 920 3443 adscripsisse
941 3371 1054 3426 autem
1074 3364 1226 3439 sciolum,
1247 3366 1304 3447 qui
1326 3372 1462 3448 putaret
1489 3369 1549 3432 hic

349 3475 453 3560 Syros
488 3487 523 3540 et
559 3477 733 3541 Romanos
768 3479 855 3542 inter
886 3501 921 3544 se
952 3483 1092 3564 opponi,
1123 3483 1359 3558 Romanorum,
1390 3503 1548 3570 eamque

347 3599 604 3662 annotationem
624 3599 671 3662 sic
692 3600 725 3660 ln
746 3607 879 3662 textum
899 3601 1071 3683 irrepsisse
1087 3609 1123 3664 ut
1136 3603 1318 3684 genuinum
1332 3605 1547 3671 vocabulum

349 3729 536 3782 castrorum
561 3717 723 3781 interiret.

395 3835 505 3900 Audis
524 3836 627 3900 etiam
648 3835 826 3919 magistelli
848 3856 967 3899 vocem
988 3837 1164 3901 stridulam
1185 3839 1219 3902 in
1235 3839 1327 3903 hisce
1340 3841 1450 3924 (XIV,
1467 3847 1547 3928 5¹l²

352 3955 538 4035 (praecedit
557 3955 704 4018 narratio
724 3955 767 4017 de
785 3954 879 4017 Burri
892 3956 1014 4037 morte)
1031 3956 1177 4035 ,civitati
1191 3960 1319 4039 grande
1332 3960 1547 4026 desiderium

353 4074 424 4136 eius
445 4073 569 4137 mansit
588 4094 648 4155 per
668 4074 865 4136 memoriam
887 4074 1019 4137 virtutis
1031 4083 1065 4138 et
1078 4074 1214 4139 alterius
1227 4097 1365 4160 segnem
1377 4078 1547 4146 innocen-

353 4193 447 4266 tiam,
470 4190 607 4254 alterius
630 4189 888 4272 flagrantissima
912 4191 1039 4274 flagitia
1061 4193 1261 4304 adulteria?

398 4310 463 4373 Hic
486 4318 601 4372 tamen
626 4310 774 4374 editores
797 4311 1036 4394 obtemperant
1060 4313 1186 4376 Orellio
1210 4315 1377 4380 adulteria
1402 4317 1546 4394 delenti,

353 4446 422 4508 quo
446 4427 611 4490 vocabulo
634 4435 727 4490 recte
750 4431 888 4510 quidem
913 4431 994 4510 quid
1019 4432 1082 4494 sibi
1107 4431 1188 4495 illud
1202 4433 1345 4518 flagitia
1366 4437 1447 4499 velit
1468 4439 1545 4502 illu-
