3258 5240
706 450 725 516 7

116 615 288 672 vetustate
319 618 494 692 suspectas
525 630 545 672 a
575 630 611 674 se
642 622 778 694 emptas,
811 630 900 674 nunc
931 611 995 674 sibi
1023 629 1100 673 cum
1124 608 1313 672 architectis

115 727 375 792 deliberandum
399 736 437 791 ut
459 749 575 791 earum
599 729 683 792 vitia
706 739 894 793 monstrare
920 729 1027 812 possit
1049 727 1282 793 venditoribus.

161 846 322 910 Potestne
357 847 544 929 quidquam
579 847 715 911 stultius
749 846 957 930 excogitari?
989 846 1155 920 Suaviter,
1188 841 1311 919 hercle,

114 965 226 1028 rideat
245 965 271 1027 si
293 965 367 1047 quis
388 967 421 1028 in
443 967 583 1048 praedio
603 968 785 1030 vendendo
805 975 996 1049 emptorem
1018 964 1219 1038 emunxerit,
1234 983 1311 1025 cum

115 1081 173 1145 ille
186 1095 302 1166 postea
322 1083 386 1146 sibi
407 1084 619 1148 demonstret
639 1104 726 1167 quae
747 1086 815 1148 sint
834 1087 907 1148 eius
925 1085 1018 1148 vitia.
1040 1083 1090 1146 At
1110 1084 1202 1165 quod
1220 1083 1312 1165 apud

117 1202 277 1265 Tacitum
297 1202 392 1267 Otho
410 1203 555 1278 simulat,
568 1224 687 1267 revera
698 1205 928 1287 unusquisque
942 1203 1182 1287 paterfamilias
1195 1209 1314 1265 cautus

118 1321 336 1403 prudensque
357 1321 467 1384 facere
486 1321 591 1386 solet:
611 1325 729 1405 quanti
749 1343 861 1386 emere
885 1322 967 1386 velit
980 1342 1047 1385 non
1060 1322 1151 1404 prius
1164 1318 1313 1383 declarat

119 1459 224 1521 quam
257 1461 277 1502 a
307 1441 424 1522 peritis
455 1441 648 1504 hominibus
680 1443 879 1525 cognoverit
909 1462 995 1524 quae
1028 1440 1091 1504 sibi
1115 1440 1158 1502 sit
1182 1439 1216 1501 in
1239 1437 1313 1502 reli·

118 1559 244 1621 ciendo
268 1561 423 1642 impensa
445 1559 609 1623 iacienda.

167 1676 212 1738 Et
244 1677 333 1739 unde
366 1685 463 1741 natus
495 1687 547 1741 est
579 1678 735 1741 immanis
761 1678 816 1742 ille
839 1678 1009 1742 Plutarchi
1034 1674 1146 1740 error?
1170 1676 1239 1738 Res
1263 1681 1315 1736 est

118 1795 328 1856 incredibilis
359 1804 393 1859 et
424 1805 539 1858 tamen
571 1816 668 1890 uera:
694 1817 763 1860 non
786 1797 895 1861 solum
919 1797 1000 1879 quid
1026 1798 1204 1859 interesset
1228 1794 1315 1855 inter

117 1913 357 1997 redemptorem
379 1924 413 1977 et
432 1927 609 1998 emptorem
632 1916 815 1992 nesciebat,
838 1918 898 1980 sed
919 1917 1021 1980 etiam
1041 1915 1169 1980 emendi
1178 1912 1315 1977 venden-

117 2034 217 2116 dique
240 2033 344 2096 verba
369 2035 492 2097 Latina
516 2036 604 2099 inter
626 2057 662 2099 se
687 2036 851 2099 confudit.

166 2152 291 2215 Nescio
326 2161 440 2216 tamen
476 2174 518 2217 an
550 2153 616 2217 hoc
648 2154 816 2238 exemp10,
849 2155 1005 2237 quamvis
1036 2154 1176 2216 evidens
1207 2151 1251 2213 sit
1282 2158 1316 2213 et

121 2270 350 2346 manifestum,
382 2270 536 2347 alterum,
569 2275 660 2355 quod
694 2274 760 2337 iam
789 2294 864 2336 sum
892 2272 1092 2356 prolaturus
1117 2271 1151 2332 in
1176 2269 1316 2332 clariore

121 2391 227 2453 etiam
258 2399 366 2454 totam
395 2411 466 2454 rem
490 2402 597 2474 ponat
620 2391 704 2455 luce.
730 2394 769 2456 In
794 2413 835 2455 eo
859 2402 973 2456 autem
998 2393 1167 2466 idoneam,
1192 2397 1229 2452 ut
1252 2408 1317 2470 ego

123 2529 259 2585 censeo,
283 2510 328 2572 ob
352 2530 487 2574 causam
513 2512 614 2594 paulo
638 2513 763 2575 diutius
791 2512 982 2575 subsistam.

170 2629 362 2712 Quondam,
391 2631 472 2693 dum
496 2630 590 2695 Otho
613 2652 690 2695 cum
714 2633 840 2707 amicis,
866 2633 965 2695 lautis
988 2628 1212 2703 senatoribuS,
1235 2647 1315 2709 epu·

123 2748 267 2824 labatur,
291 2748 402 2830 gravis
426 2758 520 2812 ortus
543 2757 594 2812 est
607 2751 905 2832 praetorianorum
926 2749 1099 2823 tumultus
1121 2747 1215 2810 cuius
1232 2745 1316 2808 haec

124 2887 226 2930 causa
244 2877 333 2930 erat:
353 2867 530 2930 cohortem
544 2869 716 2950 quandam
729 2867 823 2932 Otho
836 2868 933 2932 Ostia
945 2867 1165 2931 arcessiverat
1177 2865 1315 2945 eiusque

124 2987 308 3049 armandae
343 3006 458 3048 curam
493 2986 648 3069 Crispino
680 2987 812 3051 tribuno
836 2988 1131 3070 praetorianorum
1166 2983 1315 3046 mandat.

126 3106 158 3168 Is
182 3106 293 3168 omnis
316 3106 475 3169 vitandae
511 3126 626 3169 morae
650 3125 760 3182 causa,
786 3115 886 3169 nocte
912 3107 1086 3188 negotium
1105 3104 1316 3186 exsequitur:

125 3227 197 3288 otio
220 3227 312 3288 enim
336 3233 371 3288 et
394 3226 505 3308 spatio
529 3245 615 3308 opus
634 3225 666 3288 ei
686 3234 747 3288 est.
769 3226 819 3289 At
839 3227 898 3289 vix
916 3234 1036 3309 aperto
1056 3223 1317 3288 armamentario

125 3344 332 3426 conspicitur
363 3345 408 3407 ab
438 3364 505 3408 uno
536 3345 711 3426 alteroque
744 3344 860 3421 milite,
893 3347 949 3428 qui
978 3345 1062 3408 ebrii
1086 3346 1120 3407 in
1145 3343 1318 3426 principiis

126 3463 334 3526 discurrunt:
371 3463 405 3525 hi
441 3471 572 3526 ceteros
607 3472 808 3537 convocant,
844 3483 988 3545 quorum
1020 3463 1076 3525 alii
1106 3462 1207 3524 armis
1239 3461 1318 3523 visis

127 3581 241 3644 caedis
266 3600 468 3663 pugnaeque
492 3581 577 3644 fiunt
600 3581 702 3655 avidi,
726 3580 782 3644 alii
806 3582 1036 3664 proditionem
1060 3581 1256 3654 odorantur,
1280 3577 1318 3641 lit

125 3720 240 3763 rumor
273 3701 435 3763 adversus
465 3699 639 3768 Othonem
670 3700 792 3763 armari
823 3709 1017 3763 senatorum
1049 3697 1206 3760 familias:
1238 3697 1316 3777 equi

126 3820 409 3894 conscenduntur,
441 3820 484 3881 ad
513 3817 678 3881 Palatium
702 3817 891 3881 advolatur.
917 3817 1108 3890 Senatores
1133 3816 1190 3898 qui
1214 3816 1318 3879 etiam

125 3938 217 4020 apud
242 3937 415 4001 Othonem
440 3935 668 4009 discumbunt,
694 3937 752 3998 vix
774 3937 950 3999 saevitiam
976 3936 1120 3999 militum
1145 3935 1318 4018 effugiunt.

127 4058 293 4120 Postridie
317 4057 410 4121 Otho
435 4057 468 4120 in
488 4068 602 4120 castra
623 4055 716 4118 venit
730 4058 907 4138 praetoria
928 4065 963 4120 et
976 4056 1213 4140 praetorianos
1233 4053 1319 4116 male

127 4177 170 4239 de
206 4177 279 4257 ipso
314 4175 477 4238 sollicitos
511 4175 664 4239 oratione
700 4175 833 4256 mitigat
868 4176 932 4257 (res
963 4176 1086 4258 legitur
1116 4176 1207 4257 apud
1239 4175 1320 4237 Tac.

129 4293 216 4356 Hist.
242 4294 268 4368 1,
294 4294 337 4356 80
358 4295 457 4375 sqq.).

173 4409 258 4492 Quis
293 4411 384 4475 hisce
419 4413 543 4475 auditis
579 4430 646 4473 non
682 4410 840 4494 intelligit
875 4412 982 4477 nullas
1013 4414 1046 4476 in
1079 4413 1143 4476 hoc
1174 4409 1321 4474 tumultu
