3266 5238
893 479 934 541 82

361 658 382 718 i.
407 677 435 719 e.
467 677 533 718 non
563 677 623 736 „ne
648 657 756 730 Livia,
780 655 893 720 Seiani
919 655 1040 739 paelex
1064 656 1118 737 (=
1143 654 1310 736 adultera)
1335 654 1513 718 aemulati·

316 796 417 839 onem
442 777 549 838 iustae
573 778 686 838 uxoris
710 775 909 851 metueret”‚
934 777 995 839 sed
1023 795 1085 856 „ne
1110 775 1181 857 ipse
1207 773 1349 838 Seianus
1370 783 1513 856 propter

315 896 499 978 Apicatam
524 895 643 978 paelici
668 896 786 978 (rivali)
811 898 880 959 eius
903 905 1081 978 suspectus
1104 893 1225 957 esset”.

359 1015 452 1078 Ann.
478 1014 537 1090 IV,
565 1031 615 1097 29.
642 1014 753 1078 Locus
777 1023 828 1078 est
848 1016 892 1078 de
912 1015 1017 1078 Vibio
1039 1013 1178 1089 Seren0‚
1199 1034 1301 1095 quern
1322 1033 1401 1076 suus
1422 1011 1511 1096 filius

312 1144 448 1198 accusat
456 1162 464 1212 ;
495 1136 533 1210 is
558 1155 635 1197 cum
659 1135 814 1217 quaestio
838 1136 881 1197 de
905 1137 1011 1198 servis
1035 1134 1153 1198 habita
1175 1134 1319 1197 adversa
1344 1133 1408 1196 sibi
1433 1133 1512 1196 fuis·

310 1263 372 1327 set,
397 1255 480 1316 iram
505 1255 595 1336 vulgi
621 1263 775 1316 metuens
800 1253 961 1337 profugit,
984 1254 1044 1317 sed
1069 1274 1089 1316 a
1112 1253 1251 1317 Tiberio
1273 1252 1455 1316 retrahitur
1475 1261 1512 1315 et

311 1375 451 1456 exsequi
469 1375 720 1438 accusationem
739 1375 880 1456 cogitur.
902 1374 990 1437 Nam
1009 1383 1107 1437 vetus
1127 1381 1200 1436 erat
1218 1373 1347 1436 Tiberii
1365 1374 1399 1436 in
1415 1393 1511 1435 reum

309 1493 426 1556 odium
450 1502 590 1576 propter
614 1495 782 1576 quaedam
806 1493 850 1556 ab
874 1493 933 1556 illo
957 1491 1166 1575 petulantius
1191 1493 1300 1555 dicta:

359 1632 417 1692 „ea
441 1612 564 1676 Caesar
588 1622 667 1675 octo
691 1621 769 1695 post
793 1632 900 1675 annos
925 1611 1065 1687 rettulit,
1087 1612 1238 1674 medium
1260 1619 1397 1694 tempus
1417 1612 1511 1674 varie

312 1750 465 1813 arguens,
497 1733 629 1795 etiamsi
661 1739 832 1795 tormenta
863 1732 1055 1814 pervicacia
1085 1752 1260 1795 servorum
1289 1740 1409 1794 contra
1433 1751 1512 1794 eve-

315 1849 476 1913 nissent”.

366 1969 477 2032 Primo
509 1978 648 2053 aspectu
670 1971 802 2034 etiamsi
822 1972 1001 2035 evenissent
1023 1970 1077 2033 hic
1101 1971 1249 2053 positum
1274 1971 1381 2032 videri
1405 1970 1516 2053 possit

318 2108 380 2169 pro
400 2108 599 2171 quamquam
618 2103 803 2166 evenerant,
823 2091 882 2154 sed
905 2110 973 2153 non
994 2111 1037 2152 ex
1054 2090 1165 2153 Taciti
1185 2111 1302 2153 verum
1321 2111 1365 2152 ex
1383 2090 1513 2153 Tiberii

318 2217 432 2271 mente
463 2230 503 2272 ea
534 2210 701 2273 vocabula
732 2211 843 2293 posita
873 2218 969 2285 sunt;
999 2210 1026 2270 is
1056 2209 1146 2272 enim
1176 2209 1223 2271 sic
1253 2209 1430 2291 disputans
1458 2217 1512 2270 est

317 2327 572 2410 intelligendus:
600 2331 771 2410 „quamvis
793 2329 983 2412 pervicacia
1006 2348 1180 2391 servorum
1200 2337 1372 2390 tormenta
1391 2336 1513 2391 contra

316 2448 487 2522 evenerint,
510 2456 623 2511 tamen
645 2449 857 2511 damnandus
877 2447 1022 2512 Serenus
1040 2457 1102 2522 est,
1121 2467 1199 2510 nam
1216 2457 1296 2510 ante
1309 2456 1389 2510 octo
1401 2467 1513 2510 annos

317 2564 492 2628 maledixit
513 2567 604 2643 mihi,
626 2575 661 2630 et
680 2576 799 2649 postea
820 2588 956 2650 quoque
977 2589 1079 2630 unum
1099 2575 1135 2631 et
1153 2567 1296 2630 alterum
1318 2567 1398 2631 iecit
1414 2569 1511 2650 quod

315 2685 396 2748 mihi
422 2685 602 2750 molestum
625 2687 746 2750 esset”.
772 2687 938 2751 Fabulam
963 2708 1044 2770 ergo
1069 2688 1112 2750 de
1135 2687 1217 2769 lupo
1241 2694 1275 2750 et
1299 2707 1388 2770 agno
1409 2687 1513 2750 nobis

316 2804 443 2868 Tiberii
468 2806 577 2869 oratio
600 2807 634 2869 in
659 2815 809 2870 mentem
833 2814 944 2870 vocat.

359 2924 452 2987 Ann.
484 2925 546 3001 IV,
580 2945 630 3008 34.
662 2925 852 2990 Cremutius
884 2927 1015 2990 Cordus
1046 2935 1084 2991 ut
1115 2928 1325 2991 demonstret
1356 2947 1392 2990 se
1424 2927 1514 2991 nihil

315 3045 523 3108 commisisse
547 3047 639 3128 quod
664 3046 804 3110 Brutum
824 3054 859 3109 et
879 3047 1031 3111 Cassium
1051 3046 1250 3122 laudaverit,
1272 3055 1307 3110 et
1326 3047 1391 3110 alia
1409 3046 1514 3110 affert

316 3165 474 3248 exempla
497 3173 532 3228 et
556 3166 638 3230 hoc:

361 3285 477 3365 „Titus
510 3286 635 3361 Livius,
669 3284 883 3368 eloquentiae
915 3307 955 3350 ac
985 3286 1064 3349 fidei
1095 3284 1286 3368 praeclarus
1316 3286 1349 3347 in
1378 3285 1510 3368 primis,

313 3401 373 3466 Cn.
399 3404 599 3487 Pompeium
623 3405 748 3468 talibus
771 3405 927 3469 laudibus
951 3404 1082 3480 extulit,
1104 3413 1140 3466 ut
1162 3405 1406 3487 Pompeianum
1426 3423 1508 3466 eum

312 3521 488 3605 Augustus
511 3523 715 3606 appellaret:
741 3544 851 3606 neque
875 3525 910 3586 id
934 3524 1103 3588 amicitiae
1128 3543 1244 3587 eorum
1269 3521 1414 3588 offecit”.

356 3644 557 3727 Plerumque
581 3644 638 3707 illo
663 3644 831 3708 vocabulo
848 3645 936 3728 fides
959 3652 1078 3708 notum
1103 3642 1195 3706 illum
1220 3643 1308 3706 Livii
1329 3643 1506 3707 candorem

310 3763 438 3827 laudari
464 3765 525 3827 viri
545 3765 638 3828 docti
659 3772 794 3846 putant;
817 3764 876 3826 sed
897 3762 953 3826 illa
973 3763 1112 3846 quidem
1131 3764 1243 3826 virtus
1263 3762 1343 3844 quid
1365 3762 1418 3826 hic
1438 3763 1506 3826 sibi

309 3881 402 3946 vult?
422 3881 605 3964 Quomodo
625 3885 704 3946 inde
726 3882 916 3947 Cremutius
936 3889 1172 3965 argumentum
1193 3889 1310 3963 petere
1329 3890 1442 3963 potest
1459 3883 1506 3946 ad

310 4003 414 4064 verba
430 4021 491 4064 sua
507 4009 683 4084 tamquam
702 4005 847 4066 innocua
866 3999 1101 4066 defendenda?
1118 4000 1217 4064 Fides
1234 4000 1433 4083 intelligitur
1448 3999 1506 4065 hic

310 4119 394 4184 fides
423 4141 503 4203 erga
532 4121 720 4204 principem
749 4131 783 4186 et
807 4123 947 4186 omnino
971 4141 1052 4203 erga
1075 4119 1144 4189 τοὺς
1170 4119 1200 4182 ἐν
1225 4117 1309 4183 τέλει
1333 4118 1506 4196 βεβῶταςε

307 4248 358 4302 est
390 4239 460 4302 eius
492 4239 549 4319 qui
582 4241 751 4321 praesenti
781 4261 891 4304 rerum
916 4239 1117 4304 condicione
1142 4247 1176 4301 et
1200 4241 1369 4321 praesenti
1394 4241 1507 4322 reipu-

309 4357 417 4420 blicae
448 4365 538 4419 statu
570 4366 751 4422 contentus
782 4361 825 4423 de
858 4361 954 4422 novis
983 4359 1085 4422 rebus
1115 4377 1158 4420 ne
1182 4359 1329 4421 somniat
1353 4359 1506 4441 quidem.

309 4475 373 4538 Est
403 4494 484 4556 ergo
516 4475 607 4556 quod
640 4476 853 4560 Francogalli
888 4474 1067 4560 „loyaute”
1100 4475 1285 4557 appellant.
1315 4476 1409 4540 Talis
1441 4476 1508 4540 fuit
