3266 5238
898 445 958 509 142

329 609 363 672 in
383 629 445 673 sex
464 609 632 691 prioribus
652 608 838 672 Annalium
858 607 998 691 libris'’),
1013 608 1057 672 ab
1069 607 1287 671 adolescente
1300 605 1523 688 conscriptus,

332 729 438 792 multa
468 728 573 792 habet
601 729 794 792 acutissime
826 728 1155 812 prudentissimeque
1178 728 1368 800 observata,
1392 725 1525 807 paucis·

330 849 415 913 sima
439 869 531 924 vero,
554 856 591 911 ut
615 868 679 930 ego
703 849 833 930 opinor,
859 867 1002 929 quorum
1027 867 1116 910 nunc
1139 845 1259 920 virum,
1280 845 1402 926 insigni
1421 843 1523 906 laude

331 969 563 1050 conspicuum,
594 969 722 1050 pudeat
754 969 983 1050 poeniteatve.
1014 964 1095 1042 Sed,
1123 966 1215 1048 quod
1239 966 1439 1047 plerumque
1464 983 1525 1027 no·

333 1090 488 1153 stratium
520 1087 811 1152 lucubrationibus
841 1088 976 1162 accidit,
1007 1087 1041 1151 id
1067 1087 1226 1150 Karsteni
1250 1107 1387 1168 quoque
1410 1084 1528 1148 libello

332 1209 484 1271 evenisse
515 1208 666 1272 videtur:
700 1227 801 1270 nemo
832 1209 899 1271 iam
923 1207 1018 1270 illum
1042 1206 1189 1289 respicit.
1216 1205 1315 1269 Felix
1338 1206 1430 1287 quod
1456 1225 1527 1268 non

332 1361 373 1374 -·
400 1347 479 1392 nam
510 1328 544 1391 id
576 1347 713 1409 quoque
745 1347 847 1410 saepe
867 1325 938 1389 fieri
963 1327 1126 1402 videmus,
1152 1345 1228 1389 curn
1254 1333 1390 1389 nostrae
1414 1325 1528 1407 gentis

332 1446 452 1529 aliquis
476 1467 517 1510 ea
540 1448 573 1510 in
599 1447 747 1510 medium
772 1446 923 1530 protulit,
948 1465 1035 1528 quae
1060 1465 1170 1526 neque
1194 1445 1228 1507 in
1250 1444 1390 1508 dubium
1411 1444 1526 1508 vocari

332 1568 464 1649 possint
487 1574 521 1629 et
546 1567 729 1630 maximam
752 1566 902 1629 habeant
926 1566 1109 1629 utilitatem
1132 1601 1176 1611 -
1199 1573 1277 1647 post
1302 1585 1380 1628 eum
1403 1564 1527 1647 aliquis

333 1688 474 1763 exstitit,
505 1687 563 1767 qui
594 1686 695 1768 plane
722 1687 815 1748 idem
838 1686 977 1750 doceret
1002 1734 1098 1748 .....
1123 1693 1157 1748 et
1181 1685 1325 1767 posthac
1348 1694 1525 1768 tamquam

334 1810 392 1890 qui
415 1809 547 1891 primus
568 1807 652 1870 illud
676 1807 847 1870 docuisset
871 1805 973 1889 vulgo
996 1827 1017 1869 a
1039 1807 1118 1869 viris
1142 1807 1252 1870 doctis
1275 1807 1446 1870 citaretur.
1471 1807 1526 1870 De

334 1926 401 1991 fide
433 1947 514 2008 ergo
531 1895 656 1989 ’Taciti
685 1927 842 1990 scribitur
871 1926 1142 2008 disputeturque,
1165 1935 1340 2008 tamquam
1364 1928 1391 1990 si
1415 1926 1528 1990 nullus

334 2066 485 2128 unquam
508 2045 695 2109 Karstenus
719 2045 868 2108 vixisset.
894 2044 990 2127 Quae
1014 2065 1067 2108 res
1086 2065 1164 2109 cum
1185 2045 1267 2109 mihi
1286 2065 1421 2128 semper
1441 2047 1529 2108 indi·

336 2166 497 2249 gnissima
517 2165 587 2228 visa
607 2166 662 2239 sit,
681 2165 724 2228 ad
747 2165 837 2227 idem
857 2164 1016 2248 delapsus
1035 2173 1274 2247 argumentum
1293 2165 1530 2228 lubentissime

335 2285 400 2349 hac
422 2293 500 2348 utor
523 2283 701 2347 occasione
725 2283 796 2346 eius
820 2282 981 2346 laudandi
1004 2283 1075 2357 viri,
1098 2283 1155 2365 qui
1176 2291 1256 2346 ante
1277 2284 1401 2347 multos
1420 2305 1531 2348 annos

336 2403 592 2486 diligentissime
616 2403 880 2483 doctissimeque
904 2402 986 2466 illud
1009 2403 1180 2466 tractavit.

381 2523 547 2586 Dicebam
578 2531 693 2586 autem
724 2541 802 2585 cum
832 2521 906 2584 aliis
937 2521 1037 2586 rebus
1067 2521 1133 2585 hoc
1157 2542 1293 2604 quoque
1317 2523 1364 2606 (et
1388 2522 1534 2586 sortasse

339 2643 423 2724 ,hoc
446 2641 667 2725 praesertim”
691 2641 874 2705 dicendum
899 2642 983 2724 erat)
1008 2642 1180 2704 obstitisse
1202 2643 1382 2724 quominus
1400 2664 1533 2725 aequus

334 2773 424 2828 esset
456 2766 500 2828 de
530 2763 669 2827 Tiberio
700 2763 804 2826 iudex
836 2762 984 2838 Tacitus,
1016 2764 1108 2844 quod
1140 2764 1184 2826 de
1215 2763 1354 2828 Tiberio
1377 2766 1533 2829 scribens

337 2884 572 2947 Domitianum
602 2891 683 2945 ante
713 2882 830 2945 oculos
854 2881 1006 2957 haberet,
1030 2891 1065 2945 et
1087 2882 1151 2945 sibi
1173 2884 1241 2946 iam
1264 2884 1310 2947 ab
1333 2884 1429 2947 initio
1453 2905 1533 2968 per-

338 3003 496 3067 suasisset
532 3022 650 3085 parum
685 3003 847 3064 interesse
883 3009 995 3064 utrum
1025 3001 1146 3083 aliquis
1176 3003 1220 3065 de
1251 3002 1379 3066 Tiberii
1409 3024 1452 3066 an
1484 3006 1533 3068 de

340 3121 526 3185 Domitiani
561 3121 710 3212 imperio
738 3121 955 3184 edoceretur:
990 3121 1163 3202 utriusque
1194 3122 1286 3184 enim
1316 3123 1536 3205 imperatoris

339 3242 484 3303 eandem
508 3239 608 3303 luisse
628 3241 843 3322 pravitatem.
864 3239 963 3302 Nunc
983 3241 1132 3323 singulos
1152 3243 1319 3324 quosdam
1339 3242 1536 3306 considere-

340 3379 415 3422 mus
445 3358 548 3434 locos,
580 3359 702 3440 quibus
732 3359 885 3441 iniquum
915 3359 1054 3442 aliquod
1085 3362 1130 3424 de
1153 3362 1292 3426 Tiberio
1316 3365 1538 3428 contineatur

339 3480 511 3543 iudicium.
542 3479 663 3553 Pauca,
695 3487 747 3542 sat
778 3480 858 3554 scio,
890 3479 1070 3561 proferam,
1103 3502 1190 3563 quae
1221 3503 1289 3548 non
1316 3505 1336 3546 a
1360 3485 1537 3548 Karsteno

326 3581 431 3662 'dicta
462 3607 550 3673 sunt,
583 3598 643 3661 sed
676 3597 817 3661 sortasse
847 3600 1026 3680 quaedam,
1051 3601 1095 3664 ad
1119 3600 1207 3664 hanc
1230 3611 1384 3686 spectata
1408 3603 1537 3681 lucem,

340 3719 458 3784 melius
481 3719 707 3803 apparebunt.

384 3840 428 3904 A.
454 3840 480 3917 1,
504 3857 556 3924 73.
589 3840 642 3903 De
674 3859 764 3902 novo
794 3838 971 3902 criminum
1003 3860 1136 3922 genere,
1169 3843 1262 3924 quod
1285 3851 1357 3907 tum
1383 3845 1536 3926 primurn

340 3960 518 4034 exstiterit,
543 3959 628 4023 haec
653 3966 847 4022 narrantur:

387 4077 549 4160 ,Falanio
572 4077 744 4140 obiciebat
767 4085 954 4154 accusator,
978 4079 1070 4160 quod
1095 4081 1183 4144 inter
1206 4081 1352 4146 cultores
1373 4083 1538 4165 Augusti,

341 4199 398 4281 qui
431 4218 491 4280 per
522 4216 640 4259 omnes
670 4198 792 4260 domos
823 4198 857 4261 in
890 4199 1029 4260 modum
1061 4200 1279 4284 collegiorum
1306 4202 1538 4282 habebantur,

342 4317 493 4382 Cassium
540 4317 710 4397 quendam
754 4319 894 4380 mimum
936 4338 1078 4402 corpore
1120 4320 1281 4385 infamem
1324 4325 1540 4402 adscivisset,

342 4437 503 4518 quodque
530 4436 677 4499 venditis
701 4436 806 4500 hortis
830 4445 978 4501 statuam
1002 4439 1148 4522 Augusti
1172 4442 1270 4506 simul
1295 4444 1538 4526 mancipasset.
