3228 5236
886 433 951 480 220

369 595 493 658 Verbis
513 596 589 659 usui
599 597 780 678 -parari
799 597 841 660 de
855 609 1077 680 patronorum
1098 598 1153 679 agi
1165 599 1355 661 commodis
1369 599 1511 682 Nipper-

323 714 401 777 deio
422 714 579 777 lubenter
597 716 779 778 assentior:
800 716 848 778 sic
868 717 960 779 enim
980 717 1117 779 demum
1134 717 1359 780 nanciscimur
1376 718 1512 800 aliquid,

323 834 417 915 quod
442 843 533 896 recte
558 843 752 917 opponatur
776 837 912 918 ineptae
936 835 1149 917 arrogantiae
1173 857 1301 913 eorum,
1321 839 1348 900 si
1371 839 1428 920 qui
1449 838 1515 901 elo·

327 953 466 1035 quentia
497 974 557 1016 sua
588 955 796 1018 immortales
825 975 862 1018 se
886 955 957 1018 fore
981 955 1134 1030 credunt,
1160 957 1202 1018 de
1230 958 1353 1037 quain
1379 978 1514 1040 praece·

324 1072 484 1136 dentibus
507 1093 618 1136 sermo
642 1083 704 1136 est.
740 1074 790 1137 At
814 1075 904 1137 istud
928 1095 966 1138 ne
989 1075 1176 1156 quis—sit
1198 1096 1413 1158 nequaquam
1437 1098 1513 1142 cum

324 1192 388 1255 illis
412 1193 582 1268 cohaeret,
607 1195 699 1276 quod
721 1193 810 1256 ultro
830 1195 958 1256 indicat
979 1194 1216 1277 Nipperdeius,
1239 1197 1273 1257 in
1293 1199 1516 1260 annotatione

324 1333 383 1375 sua
414 1313 461 1375 sic
493 1313 661 1376 scribens:
697 1315 784 1394 „und
810 1314 882 1376 dies
906 1313 1231 1395 musse'geschehen
1256 1316 1364 1378 damit
1389 1316 1514 1392 nicht'',

326 1433 384 1495 ubi
407 1441 518 1496 totum
544 1434 624 1496 illud
648 1435 720 1497 und
735 1435 804 1498 dies
824 1440 931 1497 mitsse
945 1435 1124 1517 geschehen
1144 1434 1187 1496 ab
1207 1435 1283 1516 ipso
1304 1435 1515 1518 Nipperdeio

326 1554 368 1614 de
390 1552 495 1614 nihilo
516 1561 567 1615 est
589 1552 783 1616 confictum.
816 1553 941 1640 Totum
963 1555 1147 1636 negotium,
1168 1555 1211 1617 de
1231 1574 1300 1636 quo
1320 1555 1375 1617 hic
1395 1556 1516 1637 agitur,

328 1671 534 1753 disputando
555 1693 806 1755 persequamur.
832 1673 901 1736 Fac
916 1674 1041 1737 nullam
1055 1674 1121 1737 iam
1134 1674 1327 1737 mercedem
1340 1694 1516 1738 causarum

328 1792 480 1874 patronis
498 1792 580 1854 dari.
607 1790 698 1873 Quid
716 1791 889 1874 sequitur?
914 1793 1048 1876 Nempe
1066 1803 1102 1856 ut
1121 1793 1314 1857 hominibus
1328 1795 1519 1857 insontibus

327 1911 553 1994 inopibusque
579 1912 688 1974 nullae
715 1912 857 1994 posthac
881 1933 901 1975 a
924 1932 1100 1975 causarum
1120 1913 1272 1995 patronis
1293 1911 1521 1975 exhibeantur

328 2031 513 2106 molestiae,
545 2032 714 2112 siquidem
745 2031 851 2112 iniqui
884 2032 938 2093 isti
970 2032 1134 2113 pravique
1164 2032 1299 2114 patroni
1332 2052 1405 2094 esse
1436 2053 1520 2094 mox

328 2150 495 2226 desinent,
527 2171 637 2232 neque
665 2159 780 2213 tamen
806 2171 953 2233 unquam
979 2152 1122 2214 deerunt
1146 2151 1244 2233 probi
1269 2152 1434 2228 homines,
1459 2154 1520 2234 qui

327 2269 454 2331 iniuriis
478 2269 613 2333 obstare
638 2278 672 2333 et
697 2271 861 2333 velintet
886 2272 1026 2354 possint.
1059 2272 1183 2334 Nonne
1207 2273 1298 2334 enim
1323 2272 1413 2334 cives
1438 2273 1519 2335 ideo

328 2387 469 2451 obnoxii
488 2389 786 2454 calumniatoribus
806 2391 900 2467 fiunt,
915 2393 1007 2473 quod
1021 2391 1215 2473 eloquentia
1228 2390 1370 2454 forensis
1382 2400 1519 2454 tantum

328 2507 409 2570 lucri
434 2507 553 2571 affert?
588 2509 637 2572 At
661 2511 693 2573 in
718 2519 816 2573 textu
840 2511 982 2592 legimus
1005 2511 1144 2593 aliquid,
1168 2512 1259 2592 quod
1284 2530 1353 2591 quo
1377 2531 1521 2574 conver·

327 2635 438 2690 tamus
451 2629 552 2710 plane
564 2630 749 2692 nescimus:
774 2650 835 2710 „ne
848 2631 923 2712 quis
936 2631 1050 2712 inopia
1062 2631 1307 2694 advocatorum
1321 2631 1522 2712 potentibus

328 2747 497 2810 obnoxius
521 2747 596 2811 sit.’'
621 2747 773 2813 Potentes
797 2750 843 2812 illi
868 2751 936 2832 qui,
962 2770 1098 2832 quaeso,
1122 2748 1222 2813 sunt?
1247 2750 1383 2813 Praeter
1407 2751 1522 2832 ipsum

327 2868 567 2949 imperatorem
593 2871 650 2932 vix
674 2869 730 2932 ulli
756 2870 811 2933 alii
835 2870 990 2933 homines
1013 2879 1105 2934 recte
1129 2871 1186 2936 illo
1209 2869 1441 2952 significantur
1460 2891 1523 2932 vo·

329 2987 460 3050 cabulo.
498 2989 586 3051 Nam
619 2991 780 3052 adversus
811 2989 895 3053 alios
919 3003 1066 3074 potentes
1090 3011 1157 3053 non
1182 3009 1358 3052 causarum
1383 2992 1523 3071 patroni

327 3114 406 3169 sunt
426 3106 622 3184 adhibendi,
643 3110 702 3171 sed
724 3110 827 3192 ipsius
842 3117 893 3172 est
907 3110 1157 3192 implorandum
1171 3109 1332 3192 principis
1343 3108 1523 3171 auxilium.

329 3228 401 3289 lam
434 3228 523 3302 satis
558 3237 593 3290 ut
617 3229 748 3311 opinor,
773 3238 915 3311 apparet
940 3249 1041 3311 quam
1065 3231 1180 3310 inepte
1205 3229 1418 3309 disputantes
1440 3227 1523 3292 loco

330 3356 456 3423 nostro,
474 3349 560 3411 sicut
579 3369 667 3412 nunc
687 3351 720 3411 in
739 3357 835 3412 textu
849 3349 981 3431 legitur,
995 3349 1106 3412 callidi
1120 3349 1173 3411 isti
1188 3348 1357 3429 fingantur
1370 3346 1523 3410 rabulae.

331 3469 409 3530 Non
430 3488 510 3550 ergo
530 3469 602 3531 sine
623 3489 723 3532 causa
743 3478 854 3532 totum
876 3469 957 3532 illud
983 3490 1043 3548 „ne
1057 3470 1132 3550 quis
1144 3469 1260 3550 inopia
1272 3469 1523 3531 advocatorum

329 3589 526 3671 potentibus
557 3589 726 3652 obnoxius
756 3587 821 3650 sit”
853 3589 1109 3651 annotationem
1139 3607 1211 3650 esse
1235 3587 1331 3649 scioli
1354 3587 1523 3668 suspicor,

330 3709 386 3790 qui
420 3708 524 3771 verba
556 3709 631 3772 usui
660 3720 690 3772 et
720 3709 817 3771 rebus
849 3709 891 3769 ad
924 3708 1098 3769 universos
1129 3725 1202 3769 esse
1227 3705 1404 3769 reserenda
1428 3708 1525 3768 cives

329 3836 474 3911 putaret.
523 3827 613 3910 Quid
655 3827 748 3911 quod
790 3827 853 3890 illis
888 3827 1005 3890 eiectis
1041 3828 1177 3890 demum
1214 3835 1305 3888 recte
1341 3827 1525 3907 sequentia

329 3958 572 4013 annectuntur:
598 3969 727 4032 „neque
748 3957 863 4012 tamen
883 3949 1114 4029 eloquentiam
1135 3948 1283 4029 gratuito
1305 3947 1525 4028 contingere:

330 4072 441 4134 omitti
465 4091 561 4134 curas
586 4070 774 4144 familiares,
800 4079 837 4131 ut
861 4069 936 4150 quis
960 4087 996 4130 se
1020 4067 1138 4130 alienis
1161 4066 1306 4148 negotiis
1330 4065 1525 4139 intendat”,

328 4193 348 4255 i.
363 4213 391 4255 e.
415 4191 487 4272 „vel
506 4191 553 4251 sic
567 4210 634 4252 non
649 4190 700 4271 (=
713 4210 823 4271 neque
836 4189 964 4270 tamen)
977 4207 1076 4270 posse
1090 4206 1296 4268 quemquam
1309 4187 1381 4247 sine
1396 4206 1524 4268 magno

330 4315 456 4375 damno
469 4310 631 4391 gravique
644 4309 772 4371 iactura
784 4309 1002 4389 eloquentem
1013 4306 1094 4380 fieri,
1104 4325 1185 4386 ergo
1198 4326 1240 4367 ne
1244 4317 1371 4388 purum
1381 4306 1523 4385 quidem

330 4445 364 4496 et
389 4435 555 4515 integrum
580 4450 652 4492 esse
676 4429 816 4504 lucrum,
842 4430 934 4512 quod
959 4428 1056 4490 labor
1079 4427 1165 4490 ferat
1189 4423 1363 4488 forensis.’'
